2994 4996
258 503 316 563 132
367 503 433 547 THE
457 503 620 549 REGISTER
641 500 683 548 OF
705 502 916 549 ARCHBISHOP
938 502 1086 548 WILLIAM
1107 501 1308 547 WICKWANE.

94 717 160 758 Aust
172 716 195 755 οἱ
208 715 245 754 ,he
257 659 466 745 suspiciones
477 658 683 736 litterarum,
696 679 763 744 que
777 658 985 743 aliquociens
997 657 1083 723 falso
1095 658 1195 736 fiunt,
1209 663 1418 743 precaveant

95 765 216 854 house’s<l
259 759 293 817 et
326 751 468 815 evitent.
517 751 618 829 Item,
650 751 733 836 quia
765 751 919 816 deiectus
950 750 1071 835 nequit
1102 750 1168 815 nisi
1199 750 1418 835 precognitus

95 817 228 907 iiiiii&
260 843 455 908 commode1
481 843 642 927 reparari,
669 843 875 927 precipimus
900 843 935 907 in
960 842 1098 907 vinculo
1123 862 1202 907 vere
1228 841 1419 907 reverencie

95 920 179 1007 iiiii?
189 916 226 955 ³¹⁶
260 942 301 1000 ut
321 935 493 1000 omnium²
513 935 682 1000 bonomm
702 935 796 1000 intus
816 941 851 999 et
871 940 970 999 extra
990 955 1011 998 a
1031 934 1142 999 tribus
1162 934 1420 999 discrecioribus

262 1027 461 1092 monasterii
505 1048 574 1091 non
612 1027 790 1111 suspectis,
832 1027 922 1092 inira
961 1026 1126 1104 triduum,
1177 1046 1238 1110 per
1276 1026 1419 1090 modum

261 1119 456 1195 inventarii,
470 1118 616 1184 fideliter
635 1119 906 1196 conscribantur,
925 1118 1092 1202 nobisque
1115 1138 1266 1183 unacum
1282 1138 1419 1182 summa

262 1211 457 1275 debitorum
488 1210 611 1276 domus
641 1211 865 1296 postmodum
895 1217 1145 1294 presententur.
1193 1211 1294 1286 Item,
1326 1209 1421 1294 quod

261 1303 315 1368 bis
333 1322 394 1387 per
422 1323 563 1379 annum,
593 1303 629 1367 in
658 1303 759 1386 pleno
789 1309 974 1379 conventu,
1004 1302 1128 1387 singuli
1157 1308 1349 1386 receptores
1379 1301 1422 1365 de

99 1419 211 1459 receives
227 1421 249 1457 to
262 1395 407 1479 receptis
439 1401 642 1478 computent
675 1401 710 1460 et
742 1395 910 1479 expensis
943 1401 984 1459 ut
1016 1395 1064 1459 sic
1095 1394 1228 1458 cunctis
1260 1400 1422 1478 patenter

97 1470 173 1510 render

98 1522 201 1559 aemonis
262 1492 439 1571 appareat,
453 1486 780 1570 quid,quantum,et
790 1487 861 1563 ubi,
869 1486 987 1551 domui
999 1492 1201 1563 reservetur,
1213 1485 1421 1550 liberatum-

98 1571 159 1610 twice
168 1581 181 1608 a

97 1631 155 1670 W„
262 1599 304 1642 ve
320 1577 423 1643 fuerit
438 1577 493 1641 vel
508 1597 697 1662 expensum
713 1601 720 1656 ;
750 1584 785 1643 et
801 1578 880 1643 Inde
895 1584 1035 1643 mutuos
1050 1584 1085 1642 et
1100 1577 1421 1662 correspondentes³

99 1723 159 1762 Rom
169 1719 212 1760 and
263 1670 393 1735 rotulos
413 1676 448 1735 et
470 1670 583 1734 tallias
610 1671 731 1735 confici
747 1670 965 1755 precipimus,
983 1690 1023 1734 ac
1038 1670 1152 1754 priori,
1170 1669 1368 1747 conventui,
1387 1675 1423 1734 et

100 1770 240 1813 ta¹¹i⁸³t0be
263 1762 364 1826 dictis
375 1762 652 1827 ministrantibus
664 1762 839 1846 assignari,
851 1769 892 1827 ut
903 1762 1041 1827 sinistra
1052 1762 1200 1846 suspicio
1211 1768 1246 1826 et
1257 1768 1424 1827 consueta

99 1822 185 1962 Ἐζᾶ
263 1873 440 1918 murmura
481 1854 736 1937 conquiescant.
785 1855 886 1932 Item,
928 1853 1059 1919 carolas
1099 1854 1164 1919 sub
1205 1853 1346 1919 sessuris
1387 1859 1424 1918 et

98 1973 166 2013 aaron
177 1970 220 2010 ana
262 1946 367 2011 cistas
385 1953 562 2030 suspectas
582 1945 741 2011 omnibus
760 1953 795 2011 et
814 1946 956 2031 singulis
975 1946 1144 2030 deinceps,
1165 1945 1425 2011 obedienciariis

99 2024 218 2119 ididiam,
263 2044 404 2102 tantum
428 2038 591 2121 exceptis,
617 2038 774 2103 decetero
797 2038 1042 2122 prohibemus;
1078 2059 1225 2122 quorum
1258 2057 1422 2116 serruraS,

99 2122 249 2221 gssolsseffipe„
263 2129 426 2214 quociens
454 2137 611 2213 suspecte
639 2130 778 2208 fuerint,
808 2150 869 2214 per
895 2130 1043 2214 priorem
1071 2137 1106 2195 et
1134 2137 1204 2195 tres
1231 2130 1424 2214 approbate

264 2221 441 2286 fidelitatis
459 2228 494 2286 et
512 2222 591 2287 fidei
609 2222 712 2306 hujus
730 2223 929 2287 monasterii
946 2243 1028 2287 mox
1045 2222 1252 2306 precipimus
1270 2221 1423 2306 aperiri‚⁴

264 2319 305 2378 ut
339 2313 579 2397 recipiencium
612 2313 704 2379 zelus
737 2321 772 2379 et
807 2314 986 2399 diligencia
1020 2314 1272 2398 comprobetur.
1321 2314 1423 2390 Item,

100 2421 240 2514 scligqqoapg
265 2405 464 2470 ordinamus
494 2406 588 2489 quod
609 2406 650 2470 de
671 2407 846 2471 communi
878 2406 1002 2471 sartria
1022 2406 1226 2470 indumenta
1246 2412 1281 2470 et
1302 2405 1424 2470 calcia-

100 2525 214 2564 dealtout.
265 2504 341 2562 ture
361 2497 486 2562 amodo
505 2498 657 2576 cuilibet,
677 2505 780 2582 prout
799 2499 984 2563 necessitas
1003 2504 1038 2562 et
1057 2498 1219 2562 honestas
1238 2497 1425 2582 exegerint,

265 2595 382 2673 spreta
416 2589 518 2654 solita
554 2589 798 2655 distribucione
833 2591 987 2675 pecunie,
1024 2590 1139 2654 debite
1174 2589 1424 2654 ministrentur.

101 2721 204 2762 Dm„
266 2681 367 2757 Item,
386 2680 609 2746 discernendo
626 2682 832 2766 precipimus
848 2681 942 2765 quod
959 2682 1063 2747 ostia⁵
1081 2681 1243 2747 introitus
1260 2687 1294 2746 et
1312 2681 1427 2746 exitus

100 2770 252 2863 mange
265 2772 406 2837 claustri
436 2780 471 2838 et
501 2774 640 2838 ecclesie
669 2774 715 2838 ab
744 2774 936 2839 incursibus
966 2780 1219 2851 extraneorum,
1251 2780 1286 2838 et
1316 2773 1426 2838 eciam

101 2872 203 2924 suoded-
265 2865 508 2929 canonicorum
538 2866 737 2950 egressibus,
769 2872 904 2931 attente
934 2873 968 2931 et
998 2865 1144 2930 fideliter
1173 2871 1425 2949 preserventur‚

101 2974 182 3014 roas.
265 2957 331 3021 nisi
349 2956 559 3022 inevitabilis
577 2958 762 3022 necessitas
780 2958 962 3023 Introitum
982 2964 1016 3022 et
1036 2977 1208 3042 egressum
1226 2956 1427 3042 hujusmodi

101 3073 186 3132 canons
266 3048 382 3131 exigat
404 3048 534 3132 absque
556 3048 658 3114 malo
706 3049 741 3115 Si
762 3050 840 3133 quis
863 3056 980 3115 autem
1002 3049 1245 3114 canonicorum
1267 3049 1312 3113 ad
1334 3067 1427 3134 egre·

101 3126 216 3214 ggqgout
267 3139 431 3204 diendum
453 3140 553 3205 aliter
574 3142 849 3225 attemptaverit,
872 3162 962 3226 pane
983 3148 1018 3206 et
1040 3162 1131 3226 aqua
1152 3141 1188 3206 in
1209 3142 1360 3205 crastino
1381 3140 1428 3206 sit

102 3222 215 3273 plum·
265 3238 461 3309 contentus
496 3232 595 3297 aliter
634 3233 840 3317 puniendus
881 3240 985 3319 prout
1026 3233 1175 3318 requiret
1215 3233 1427 3317 protervitas

102 3374 136 3413 No
146 3372 232 3422 expedi,
266 3323 473 3389 rebellantis,
520 3325 702 3391 Discursus
717 3326 857 3409 Insuper
872 3346 933 3410 per
948 3346 1062 3390 moras
1078 3332 1113 3390 et
1129 3345 1270 3389 nemora
1286 3324 1428 3390 omnino

102 3424 190 3515 affigo
200 3423 236 3463 the
266 3415 375 3479 eciam
390 3416 665 3501 quibuscumque
680 3417 722 3482 de
738 3418 849 3482 causis
870 3417 1026 3482 totaliter
1040 3417 1276 3482 interdicimus
1302 3416 1347 3480 ab
1362 3416 1430 3481 hac

180 3486 201 3523 γ’
267 3507 361 3571 hora.
410 3508 511 3585 Item,
523 3509 730 3592 precipimus
740 3510 834 3593 quod
845 3509 990 3593 quilibet
1001 3510 1185 3574 canonIcus
1196 3515 1231 3573 et
1242 3527 1429 3573 conversus

103 3625 140 3664 ro.
154 3623 215 3663 iau.
267 3598 371 3682 priori
389 3619 462 3676 suo,
480 3600 536 3664 vel
554 3601 611 3664 alii
629 3601 674 3666 ad
692 3601 757 3666 hoc
775 3601 954 3686 deputato,
974 3601 1181 3666 confiteatur
1197 3600 1374 3665 humiliter
1391 3606 1427 3665 et

102 3672 242 3765 ἓξὲἓὲῖἀ
267 3690 403 3769 devote,
430 3692 619 3758 secundum
644 3693 739 3776 quod
763 3693 879 3777 regula
904 3693 1023 3758 edocet
1054 3699 1089 3757 et
1120 3692 1284 3778 deposcit.
1324 3691 1428 3769 Item,

102 3775 192 3870 ⁰⁰⁰5&
267 3782 461 3848 inhibemus
487 3804 531 3847 ne
561 3784 684 3868 aliquis
718 3791 796 3868 post
827 3784 1089 3869 completorium
1119 3784 1360 3869 potacionibus
1392 3790 1428 3849 et

101 3861 235 3961 ffiffifig
266 3875 574 3941 commescionibus
584 3896 619 3941 se
631 3877 764 3961 ingerat
774 3897 915 3961 quoquo
927 3897 1020 3954 casu,
1032 3876 1097 3941 nisi
1107 3877 1244 3941 redierit
1257 3882 1429 3959 tanquam

101 3962 214 4061 Qum,
266 3966 400 4049 hospes,
426 3973 461 4031 et
486 3967 551 4032 hoc
575 3968 729 4033 modeste
754 3975 840 4034 tunc
863 3969 981 4033 iecerit
1008 3969 1050 4033 de
1075 3968 1153 4033 utili
1177 3975 1212 4033 et
1237 3968 1430 4032 necessaria

101 4063 222 4162 {2053}le
265 4057 407 4122 licencia
426 4066 643 4143 preoptenta,
664 4061 715 4124 ita
734 4067 853 4125 tamen
872 4061 966 4145 quod
992 4060 1165 4125 extraneis
1180 4066 1215 4125 et
1231 4059 1430 4144 hospitibus

265 4169 301 4213 se
316 4169 385 4213 non
401 4150 546 4216 associet
562 4151 869 4236 qualitercumque.
931 4152 1026 4229 Aliis,
1045 4152 1164 4229 eciam,
1178 4151 1270 4216 horis
1286 4151 1430 4235 quibus-

265 4261 412 4325 cumque
430 4243 630 4327 potaciones
647 4251 682 4309 et
700 4244 855 4328 prandia,
874 4264 942 4328 que
959 4244 1004 4308 ad
1027 4243 1166 4309 delicias
1181 4251 1216 4309 et
1232 4243 1429 4308 lasciViam⁸

299 4355 449 4406 ¹Comode.
491 4357 540 4407 Fo.
558 4358 617 4408 134.
905 4358 1064 4423 ‘Apperiri
1103 4357 1174 4408 lbid.

298 4421 400 4472 ¹Some
430 4425 507 4473 word
545 4424 600 4474 like
644 4425 789 4489 “catalogi
800 4426 817 4448 ”
905 4424 1035 4474 ‘Hostia
1074 4425 1146 4474 Ibid.

264 4494 338 4538 must
353 4491 425 4541 have
438 4491 507 4539 been
521 4492 650 4540 omitted.
905 4492 1076 4541 ‘Laciviam
1116 4492 1188 4540 lbid.

298 4554 567 4622 ⁸Corespondentes.
607 4559 654 4608 Fo.
664 4551 730 4608 ¹1³4.
780 4567 783 4572 “
