3038 5002
175 443 215 521 64
290 459 356 503 THE
379 458 542 504 REGISTER
563 461 604 504 OF
626 459 837 510 ARCHBISHOP
858 463 1005 507 WILLIAM
1027 463 1227 510 WlCKWANE.

173 614 299 678 nullius
315 612 480 676 offensam
496 612 551 676 vel
566 613 738 698 injuriam,
756 614 899 679 dilatare
915 616 950 679 in
967 615 1100 681 Christo
1116 619 1330 701 gratulanter

173 713 207 770 et
225 706 345 770 intime
362 705 653 770 commendamus,
695 706 744 770 Ut
761 707 865 790 igitur
880 707 970 771 infra
986 715 1085 791 septa
1101 711 1192 774 curie
1209 718 1268 776 tue
1285 714 1327 777 de

172 797 397 881 Silkethorpe‚
425 797 554 880 absque
580 797 787 862 detrimento
813 804 848 863 et
873 820 1091 883 quacumque
1117 802 1242 886 injuria
1268 812 1327 869 tue

172 890 323 953 matricis
354 889 478 953 ecclese
508 889 550 952 de
581 888 805 974 Silkethorpe‚
837 898 1072 973 patronorum,
1104 900 1138 957 et
1172 897 1326 961 omnium

171 982 325 1058 aliorum,
352 981 540 1044 oratorium
566 981 709 1064 simplex
735 988 770 1045 et
796 980 913 1046 divino
939 991 1136 1068 competens
1162 988 1325 1071 obsequio

170 1075 278 1157 possis
292 1074 427 1157 erigere,
443 1072 575 1156 tibique
588 1073 692 1137 libere
706 1080 765 1137 tue
779 1074 906 1138 familie
920 1094 981 1158 per
993 1076 1166 1159 ydoneum
1181 1081 1325 1162 capella-

170 1185 253 1228 num
272 1172 306 1229 et
326 1184 514 1247 congruum
533 1164 702 1241 clericum,
723 1166 787 1230 sub
806 1166 950 1249 propriis
969 1174 1003 1231 et
1024 1169 1114 1252 aptis
1133 1171 1322 1253 stipendiis,

170 1257 287 1321 divina
304 1257 412 1341 possis
430 1276 538 1339 usque
557 1256 601 1319 ad
618 1256 763 1320 Vincula
779 1257 991 1322 Beatipetrr
1010 1259 1109 1343 (Aug.
1132 1264 1174 1341 Ι),
1194 1264 1323 1347 absque

168 1350 252 1432 juris
281 1355 316 1412 et
345 1349 548 1432 cujusquam
578 1348 759 1431 stipendio,
789 1348 899 1413 tacere
928 1350 1099 1428 celebrari,
1130 1354 1174 1417 ob
1203 1375 1323 1420 causas

169 1441 336 1524 legitimas
353 1461 414 1525 per
430 1440 583 1503 debitam
596 1440 854 1522 inquisicionem
872 1450 1074 1525 compertas
1094 1445 1158 1508 tibi
1174 1448 1323 1528 graciose

168 1533 351 1596 annuimus
368 1552 428 1616 per
445 1537 628 1615 presentes,
647 1539 682 1595 et
700 1552 876 1596 assensum
894 1535 1032 1598 rectoris
1050 1537 1269 1618 prehabitum
1287 1541 1321 1603 in

168 1627 232 1688 hac
249 1631 347 1708 parte
365 1623 497 1708 plenius
515 1630 734 1707 acceptamus
750 1647 757 1701 ;
793 1625 843 1688 ita
855 1625 948 1708 quod
966 1627 1052 1690 citra
1064 1628 1191 1692 festum
1204 1651 1322 1714 supra-

167 1714 299 1781 dictum
325 1735 500 1780 assensum
525 1716 653 1798 pariter
677 1722 901 1799 patronorum
927 1717 971 1781 ad
996 1719 1261 1786 fundamentum
1287 1731 1322 1787 et

168 1809 367 1872 firmitatem
407 1807 538 1891 negocii
568 1808 666 1871 nobis
697 1807 808 1871 modis
838 1809 998 1873 omnibus
1029 1819 1248 1894 representes
1281 1823 1320 1879 ut

166 1900 364 1984 hujusmodi
389 1899 539 1984 graciam
566 1899 629 1963 tibi
655 1900 787 1982 gracius
813 1921 1055 1984 prorogemus;
1108 1904 1258 1988 alioquin
1285 1908 1320 1970 in

166 1993 259 2056 dicto
290 1992 438 2056 oratorio
469 1991 589 2055 statim
619 1997 698 2074 post
730 1992 856 2055 festum
887 2001 1115 2058 memoratum
1147 2005 1254 2061 cesset
1285 2006 1319 2063 et

166 2085 385 2169 conquiescat
397 2083 535 2166 penitus
547 2083 711 2146 cantaria.
758 2083 935 2162 Volumus
949 2085 1067 2162 eciam,
1081 2088 1185 2170 quod,
1199 2090 1318 2154 habito

165 2196 331 2240 consensu
348 2183 583 2259 patronorum,
601 2194 661 2258 per
677 2181 775 2238 tuam
793 2182 924 2239 cartam
941 2197 1063 2241 caveas
1080 2182 1202 2244 rectori
1218 2202 1320 2266 super

165 2268 426 2353 indempnitate,
463 2273 524 2330 tuo
559 2272 736 2350 perpetu0,
772 2267 859 2331 sicut
895 2268 1003 2346 decet,
1040 2277 1074 2334 et
1109 2291 1185 2335 eam
1220 2274 1318 2337 nobis

165 2361 297 2425 deferas
316 2360 361 2424 ad
379 2359 558 2443 negocium
577 2358 689 2422 tucius
709 2360 1027 2425 consummandum.
1075 2362 1169 2429 Vale.

209 2466 244 2531 Si
271 2471 387 2530 autem
414 2465 449 2527 in
476 2462 700 2538 vestimentis
729 2464 948 2542 ornamentis,
976 2466 1031 2529 vel
1057 2467 1159 2532 calice
1187 2469 1318 2534 dictum

165 2559 353 2623 oratorium
378 2556 550 2619 defectum
584 2554 732 2638 aliquem
762 2556 929 2638 paciatur,
957 2558 1116 2623 volumus
1140 2561 1234 2643 quod
1258 2582 1319 2645 per

166 2658 329 2715 rectorem
353 2669 412 2712 seu
435 2653 690 2730 procuratorem
713 2647 818 2729 ipsius
842 2649 995 2712 totaliter
1017 2649 1108 2714 idem
1130 2655 1318 2717 oratorium

164 2742 403 2827 suspendatur,
420 2740 528 2803 donec
541 2739 691 2822 graciam
705 2745 859 2802 nostram
875 2742 1080 2823 [merueris]l
1097 2744 1131 2807 in
1146 2745 1210 2808 hoc
1225 2766 1316 2811 casu.

23 2882 140 2921 anneto
208 2846 282 2912 208.
330 2845 381 2910 Id.
411 2845 492 2908 Feb.
524 2843 618 2924 (Feb.
650 2861 701 2923 13,
733 2842 898 2926 1279-80).
946 2843 1204 2930 Stivelingtone.
1251 2849 1316 2927 W,

0 2931 240 3022 fglggffffmtc,
276 2937 468 3001 vicecomiti
505 2934 759 3018 Notinghamie,
790 2935 947 3012 salutem,
975 2943 1039 3001 etc.
1086 2939 1316 3005 Devocionem

0 3031 129 3123 {sslssfflss‘
163 3039 314 3096 vestram
339 3034 472 3093 attente
498 3027 699 3111 requirimus
724 3033 758 3090 et
783 3046 941 3109 rogamus
966 3030 1129 3111 quatinus
1154 3032 1316 3098 dilectum

19 3134 67 3192 aeg
163 3125 196 3188 in
223 3123 356 3187 Christo
382 3121 500 3195 filium,
528 3119 705 3182 dominum
732 3118 774 3182 R.
801 3118 843 3182 (16
869 3118 1132 3203 Schyrebume²‚
1159 3124 1316 3189 clericum

0 3188 94 3275 iiiiii.
162 3223 329 3290 nostrum,
359 3213 404 3276 ad
431 3210 735 3295 manucapcionem
764 3216 798 3274 et
827 3211 1023 3276 caucionem
1053 3214 1254 3280 dilectorum
1283 3218 1317 3281 in

161 3308 295 3373 Christo
330 3304 571 3388 magistrorum
607 3302 745 3366 Henrici
780 3301 822 3365 (16
857 3301 1044 3368 Neuwerke
1079 3314 1114 3370 et
1148 3307 1317 3389 Johannis

162 3399 312 3474 Clarelle,
328 3397 526 3462 clericorum
549 3401 755 3468 nostrorum,
776 3395 931 3478 benigne,
956 3396 984 3459 si
1007 3397 1131 3480 placet,
1155 3400 1315 3479 liberetis,

161 3493 221 3576 qui
242 3490 351 3566 vobis
371 3489 458 3552 sicut
480 3486 720 3562 intelleximus
737 3485 883 3550 fideliter
899 3489 1139 3572 repromittent
1161 3499 1196 3555 et
1218 3513 1316 3556 cave-

161 3586 250 3648 bunt
274 3583 315 3646 de
340 3580 459 3644 eodem
483 3599 543 3662 per
566 3578 691 3653 omnia,
717 3578 805 3642 sicut
828 3579 961 3657 vultis³,
986 3581 1080 3663 quod
1103 3604 1164 3666 pro
1188 3585 1316 3649 honore

162 3677 226 3739 Dei
243 3681 278 3739 et
295 3679 412 3737 sancte
429 3671 566 3735 ecclesie
583 3677 616 3733 et
635 3669 786 3734 utilitate
803 3677 920 3734 nostra
937 3679 971 3736 et
989 3679 1104 3737 vestra
1120 3676 1316 3742 nullatenus

161 3767 342 3832 omittatis

0 3905 1 3919 .
20 3894 82 3949 aas
94 3894 117 3929 ιο
205 3871 354 3953 [Eisdem
369 3868 422 3932 die
438 3874 466 3931 et
481 3868 572 3947 locol.
620 3865 839 3930 Serenissimo
855 3867 1005 3945 domino,
1023 3875 1100 3947 etc,
1118 3872 1264 3936 salutem
1280 3875 1315 3937 in

13 3941 140 4030 {Qu
161 3965 223 4040 Eo,
261 3969 325 4026 etc.
372 3959 655 4024 Dominacionem
691 3964 843 4022 vestram
880 3964 1014 4024 attente
1040 3963 1243 4045 requirimus
1279 3973 1314 4029 et

0 4041 88 4087 ustect·
161 4075 319 4140 rogamus
338 4052 503 4136 quatinus
522 4050 685 4114 dilectum
705 4051 740 4113 in
760 4050 894 4114 Christo
913 4052 1032 4129 filium,
1054 4054 1253 4138 Rycardum
1273 4057 1315 4121 (16
1387 4101 1389 4103 ·

160 4146 411 4221 Schirebume4,
451 4143 610 4207 clericum
647 4149 815 4219 nostrum,
855 4143 899 4206 ad
937 4147 1242 4229 manucapcionem
1280 4157 1315 4213 et

160 4258 313 4304 securam
325 4236 522 4301 caucionem
534 4234 775 4317 magistrorum
788 4234 832 4298 H.
846 4234 888 4298 de
901 4235 1088 4301 Neuwerke
1099 4245 1134 4302 et
1146 4239 1315 4320 Johannis

194 4375 439 4425 ipr0m10,120d,
797 4372 907 4421 ³W1tis.
947 4375 1017 4424 lbid.

193 4444 391 4508 ²Scyreburne.
430 4441 478 4489 Fo.
496 4439 553 4489 120.
797 4438 997 4503 ⁴Scyreburne.
1035 4443 1083 4491 Fo.
1101 4445 1177 4493 laod.

2 2629 39 2670 Fo.
51 2632 81 2669 14.
