2994 4996
228 465 247 530 8
344 483 410 529 rur
433 482 597 530 1110151111
617 483 659 530 01
683 483 894 531 1161615101
915 484 1064 531 11111111
1085 483 1288 531 wrcxwxnr.

228 645 263 702 et
278 659 320 702 ex
334 638 550 722 presentibus
564 639 681 703 abesse
695 638 850 723 oportuit
865 639 997 723 aliquos
1012 660 1054 704 ex
1068 639 1169 704 certis
1184 638 1305 716 6611515,
1320 659 1389 702 non

229 730 406 815 potuimus
439 730 625 794 deliberare
659 731 694 794 in
728 737 828 795 tanto
861 731 1001 816 negocio
1036 732 1080 796 ad
1114 731 1265 815 plenum,
1300 731 1390 795 sicut

229 822 374 886 forsitan
401 822 588 906 expediret.
627 824 908 907 Verumptamen,
929 823 1125 888 discrimina
1144 823 1257 888 litium
1277 828 1391 887 atten-

229 914 360 991 dentes,
375 914 514 978 videtur
527 914 626 979 nobis
639 915 744 998 quod,
760 915 788 979 si
802 914 837 978 in
852 916 999 979 formam
1013 915 1106 979 illam
1120 935 1227 999 quam
1241 913 1390 998 elegistis

229 1006 374 1090 possetis
411 1006 613 1070 descendere
650 1015 684 1070 et
722 1027 801 1071 cum
838 1007 1041 1072 adversariis
1078 1007 1270 1083 convenire,
1308 1005 1389 1070 licet

229 1097 483 1181 aliquantulum
498 1097 711 1163 diminuatur
724 1098 766 1162 de
779 1099 854 1182 jure
869 1105 995 1176 vestro,
1011 1099 1095 1163 satis
1108 1105 1223 1183 posset
1238 1096 1388 1162 tollerari

229 1210 291 1274 pro
316 1190 407 1254 bono
432 1189 536 1273 116615,
563 1196 597 1253 61
623 1190 737 1255 61111116
761 1191 906 1274 possetis
930 1190 1087 1276 mitigare
1112 1191 1257 1255 verbum
1291 1188 1387 1266 illud,

230 1282 483 1365 “approbemus
495 1281 550 1346 vel
562 1283 782 1365 reprobemus
794 1282 1143 1365 quodattenderimus
1154 1280 1388 1357 ordinatum,''

228 1394 289 1457 per
310 1373 541 1458 adjeccionem
563 1373 725 1457 aliquam,
748 1381 851 1457 prout
872 1374 1000 1458 poterit
1022 1394 1100 1439 curn
1122 1374 1268 1438 adversa
1288 1378 1388 1457 parte

222 1465 301 1529 'sine
322 1465 469 1549 graviori
491 1465 679 1549 prejudicio
701 1466 886 1530 conveniri.
933 1466 1101 1544 Duorum,
1124 1465 1226 1540 enim,
1243 1464 1389 1529 forsitan

229 1557 277 1621 eis
298 1557 472 1622 videbitur
494 1563 545 1633 ut,
567 1557 595 1620 si
611 1557 838 1622 correcciones
854 1557 995 1623 fecerint
1030 1557 1222 1634 canonicas
1258 1556 1314 1620 vel
1349 1576 1391 1620 ex

228 1649 324 1733 justa
346 1669 450 1714 causa
470 1669 576 1733 penas
599 1649 844 1733 mitigaverint,
869 1656 930 1714 aut
946 1650 1095 1734 graciam
1119 1649 1271 1725 fecerint,
1296 1647 1391 1732 quod

230 1740 385 1805 totaliter
416 1761 458 1804 ex
479 1741 730 1824 approbacione
753 1747 869 1806 vestra
892 1741 1041 1807 debeant
1059 1741 1272 1825 dependere3
1296 1739 1391 1815 dum,

230 1839 358 1909 tamen,
378 1832 477 1896 vobis
498 1832 611 1909 liceat,
635 1839 714 1916 post
738 1838 869 1897 certum
901 1839 1038 1917 tempus
1060 1832 1306 1917 prefigendum,
1330 1851 1392 1915 per

230 1924 379 2008 episcopi
409 1924 664 2008 negligenciam,
696 1924 741 1988 ad
778 1925 1005 1989 correcciones
1043 1924 1235 2000 canonicas,
1274 1929 1391 1988 vestro

229 2015 454 2100 imponendas
492 2016 644 2094 arbitri0,
666 2016 835 2081 devenire.
861 2017 972 2100 Quod,
997 2023 1125 2094 autem,
1145 2015 1244 2080 vobis
1263 2015 1392 2099 optulit

228 2108 391 2192 magister
421 2108 610 2173 Willelrnus
639 2128 709 2172 non
739 2108 877 2173 videtur
899 2108 998 2173 nobis
1029 2107 1234 2173 conveniens
1264 2107 1329 2172 sub
1351 2126 1393 2170 ea

229 2201 350 2277 forma,
374 2200 523 2264 maxime
539 2200 621 2284 quia
636 2200 775 2265 videtur
785 2200 872 2264 velle
887 2201 1071 2265 veritatem
1086 2199 1261 2275 occultari,
1273 2199 1300 2262 si
1320 2219 1390 2263 non

229 2292 291 2356 fiat
306 2292 484 2376 inquisicio
499 2292 689 2376 singularis,
718 2298 752 2355 et
767 2293 861 2376 quod
884 2313 944 2377 per
959 2298 1071 2356 totam
1094 2291 1255 2356 diocesim
1278 2291 1391 2354 1011116

230 2383 428 2467 hujusmodi
454 2383 634 2460 habeatur,
663 2383 713 2447 ita
740 2384 834 2467 quod
859 2383 1065 2449 cathedralis
1089 2383 1230 2448 ecclesia
1257 2382 1389 2447 nullam

230 2475 484 2560 prerogativam
519 2476 648 2540 habeat
683 2475 718 2538 in
753 2476 818 2540 hac
850 2482 958 2560 parte.
1007 2475 1173 2552 Intendit,
1205 2474 1307 2551 enim,
1338 2473 1390 2538 ita

231 2567 382 2631 dividere
398 2573 438 2632 ut
454 2588 516 2631 vos
531 2567 683 2631 laborem
699 2567 855 2631 habeatis
872 2573 907 2631 et
919 2568 1047 2651 paretis
1063 2568 1214 2632 fructum
1231 2566 1391 2650 episcopo

230 2659 356 2724 laboris
372 2659 488 2723 vestri.
536 2659 695 2723 Preterea
710 2658 871 2724 viderunt
888 2659 1176 2743 incompassibilia
1192 2658 1307 2742 aliqua
1323 2678 1391 2741 que

230 2751 392 2835 proponit
411 2751 445 2814 in
464 2771 504 2815 eo
520 2750 614 2834 quod
626 2750 720 2827 dicit,
742 2751 887 2834 “quivis
902 2750 937 2814 in
953 2751 1127 2815 communi
1142 2750 1198 2815 vel
1214 2749 1390 2834 privatim,

230 2849 307 2919 etc,
332 2842 476 2906 visitans
500 2843 571 2926 ipse
594 2842 740 2926 corrigat
764 2848 799 2906 et
823 2842 1027 2919 reformet'';
1076 2849 1111 2907 et
1141 2843 1391 2927 subsequenter

230 2934 354 2999 subicit
378 2934 413 2998 in
436 2935 556 2998 eodem
580 2954 671 3010 casu,
701 2933 828 3017 “quod
852 2934 976 2998 debeat
997 2934 1155 3018 episcopo
1175 2933 1391 2998 committere

230 3026 462 3110 corrigenda.''
510 3026 610 3103 Item,
624 3025 666 3089 de
682 3025 982 3109 procuracionibus
1002 3046 1063 3109 per
1082 3025 1243 3089 diocesim
1259 3024 1391 3089 nullam

230 3118 314 3183 facit
334 3118 557 3194 mencionem,
589 3117 687 3201 quasi
710 3117 814 3181 vellet
838 3117 1131 3201 archiepiscopum
1154 3116 1289 3181 duabus
1313 3137 1392 3200 pro·

230 3210 467 3275 curacionibus
494 3215 633 3274 tanturn
657 3210 728 3273 tore
759 3215 962 3274 contentum
997 3215 1032 3273 et
1065 3208 1210 3293 propriis
1242 3207 1391 3272 militare

230 3301 419 3386 stipendiis
452 3309 492 3365 ut
526 3301 704 3385 episcopus
736 3300 873 3385 colligat
906 3321 973 3385 que
1008 3300 1185 3385 spargetis.
1232 3299 1389 3376 Videtur,

229 3393 377 3478 insuper,
411 3393 582 3476 aliquibus
614 3392 718 3476 quod,
752 3393 780 3456 si
812 3393 871 3456 via
895 3412 937 3457 ex
969 3392 1134 3476 pretactis
1166 3391 1285 3457 haberi
1319 3412 1389 3456 non

229 3486 337 3569 possit
372 3506 523 3569 congrua
557 3504 723 3549 consensu
747 3485 912 3568 parcium,
937 3490 972 3548 et
997 3491 1138 3568 petatur
1160 3505 1181 3548 a
1207 3483 1307 3548 vobis
1331 3483 1390 3548 via

229 3576 464 3661 compromissi
477 3577 532 3641 vel
546 3575 1006 3660 amicabiliscomposicionis
1020 3576 1208 3641 amicorum
1236 3595 1389 3641 commu·

229 3669 325 3733 nium
344 3669 553 3745 interventu,
574 3674 715 3752 propter
734 3668 905 3731 maliciam
926 3668 1089 3752 temporis
1109 3673 1144 3732 et
1175 3670 1265 3751 [pro]
1298 3667 1390 3732 bono

228 3762 323 3845 pacis
343 3761 491 3824 refutare
524 3780 594 3823 non
614 3758 757 3836 debetis,
778 3759 862 3843 quin
882 3760 1001 3842 pocius
1028 3759 1213 3824 deliberare
1238 3759 1266 3823 si
1289 3759 1389 3823 vobis

230 3853 354 3917 debeat
368 3852 433 3916 hoc
447 3851 579 3936 placere
595 3873 602 3928 ;
629 3850 766 3934 proviso
780 3871 914 3934 semper
927 3851 1031 3934 quod,
1048 3851 1220 3935 pendente
1234 3855 1390 3915 tractatu

228 3944 438 4028 hujusmodi,
463 3963 533 4006 non
560 3942 745 4007 omittatur
774 3941 905 4026 aliquid
929 3942 1023 4027 quod
1051 3942 1096 4007 ad
1125 3962 1226 4007 cause
1255 3947 1389 4006 statum

228 4036 353 4100 debeat
363 4035 543 4119 pertinere,
555 4040 589 4098 et
599 4035 662 4098 hec
672 4040 856 4099 teneantur
866 4034 1042 4111 secrecius,
1053 4055 1132 4098 cum
1144 4054 1213 4099 non
1226 4033 1387 4117 expediat

229 4127 432 4192 adversariis
452 4125 634 4210 propalari.
682 4125 813 4202 Valete,
834 4132 899 4190 etc.

439 4217 520 4282 HIC
559 4216 734 4282 INCIPIT
770 4216 927 4282 ANNUS
965 4217 1174 4283 TERCIUS.

152 4340 160 4356 ·
272 4328 324 4395 27.
370 4329 499 4392 4non.
528 4309 610 4373 Dec.
641 4308 736 4389 (Dec.
766 4327 796 4386 2,
827 4309 937 4390 1281).
984 4309 1139 4374 Cawode.
1185 4308 1386 4386 Willelrnus

227 4402 457 4487 permissione,
478 4407 556 4477 etc,
569 4400 702 4464 dilectis
720 4400 755 4464 in
772 4400 906 4465 Christo
922 4400 1010 4478 filiis,
1028 4402 1157 4466 decano
1176 4407 1211 4465 et
1230 4400 1384 4484 capitulo

226 4496 343 4572 Ε1101.,
382 4493 540 4570 5611116111,
580 4500 645 4558 616.
692 4491 781 4576 Quia
819 4498 1017 4557 executores
1056 4493 1255 4558 testamenti
1295 4492 1384 4557 bone
