2994 4996
235 499 295 547 200
337 498 403 546 THE
426 499 588 546 REGISTER
610 499 652 546 OF
673 499 883 546 ARCHBISHOP
904 499 1052 545 WILLIAM
1073 499 1276 548 WICKWANE.

235 663 365 747 pocius,
386 663 427 727 de
443 663 639 728 sinceritate
658 663 721 727 zeli
739 662 845 728 vestri
861 662 979 727 confisi
995 663 1139 746 plenius,
1156 685 1197 729 ea
1215 663 1251 728 in
1270 663 1395 749 integri

236 757 330 820 sinus
362 756 468 820 vestri
500 755 715 839 receptaculo
751 754 927 820 recondita
956 754 1127 820 credimus
1158 762 1194 821 et
1223 761 1394 833 tenemus,

236 868 437 931 promovere
455 847 569 911 velitis
588 847 770 912 efficaciter
788 853 822 911 et
841 852 986 911 mature.
1033 847 1135 912 Absit
1153 847 1283 912 etenim
1301 847 1397 932 quod

236 945 469 1023 persecutores
484 939 621 1004 ecclesie
635 946 762 1017 nostre,
778 959 845 1022 que
860 939 951 1003 tanti
965 938 1111 1003 membri
1125 939 1273 1023 presidio
1287 938 1396 1024 pollet

237 1031 359 1095 clarius
398 1032 569 1115 insignita,
609 1052 685 1095 eam
723 1031 758 1095 in
796 1031 919 1095 vestris
956 1031 1197 1115 conspectibus
1234 1031 1396 1096 derisorie

237 1123 433 1207 deprimant
458 1129 492 1187 et
517 1123 728 1188 conculcent.
776 1123 823 1186 Et
847 1123 876 1187 si
901 1123 995 1206 quid,
1021 1129 1131 1207 pater,
1159 1123 1274 1189 velitis
1299 1123 1395 1208 quod

236 1216 417 1299 possimus,
430 1235 517 1291 ecce,
531 1215 575 1279 ad
596 1222 712 1279 vestra
723 1215 939 1298 beneplacita
950 1220 1046 1279 totus
1057 1220 1181 1280 vester.
1208 1214 1396 1280 Conservet

237 1314 301 1371 etc.
334 1307 471 1371 ecclesie
501 1328 560 1371 sue
590 1313 719 1384 sancte,
745 1313 780 1371 et
803 1307 952 1370 maxime
982 1305 1180 1392 Anglicane,
1212 1307 1306 1372 Deus
1336 1327 1397 1392 por

238 1406 395 1483 tempora
413 1399 588 1463 diuturna.

72 1488 224 1589 ffiffi,
285 1519 323 1584 15
358 1504 426 1568 kal.
457 1503 546 1581 Oct,
592 1524 683 1568 anno
726 1504 791 1589 iij0,
837 1502 945 1586 (Sept.
986 1520 1037 1586 17,
1081 1503 1190 1585 1282).
1237 1503 1394 1569 Cawode.

72 1590 201 1680 {3333
238 1596 388 1660 Domino
399 1597 444 1659 H.
463 1596 665 1660 Reverendo
680 1596 782 1680 patri,
798 1601 875 1672 etc,
886 1595 953 1672 W,
969 1602 1033 1659 etc.
1060 1594 1165 1660 Pater
1178 1595 1394 1674 amicissime,

71 1690 205 1730 suthem·
237 1688 621 1772 perpensishiisplenius
632 1708 698 1772 que
709 1693 826 1752 vestra
835 1688 976 1752 missiva
987 1687 1174 1752 novissima
1183 1687 1398 1768 continebat,

72 1740 209 1830 {mapa
237 1780 318 1844 licet
346 1779 548 1844 miraremur
576 1780 763 1863 stupefacti
792 1800 861 1844 non
890 1780 1064 1844 modicum
1093 1779 1129 1843 in
1157 1800 1324 1858 sermone,
1355 1801 1398 1845 ex
1477 1787 1480 1792 '

71 1842 144 1889 letter,
158 1839 201 1879 and
241 1872 246 1883 .

73 1890 193 1949 protestor
238 1873 369 1948 mtime,
392 1877 521 1949 tamen,
544 1871 738 1936 dileccionis
759 1871 897 1949 affectu,
919 1877 960 1936 ut
981 1871 1240 1936 detrahencium
1261 1892 1399 1957 sugges-

73 1944 186 2049 iiiiii
210 1963 213 1969 “
238 1965 349 2028 tiones
363 1965 532 2028 evitemus
546 1964 703 2028 iallibiles
716 1984 777 2048 per
790 1984 852 2028 vos
866 1964 1003 2028 caucius
1017 1964 1214 2047 premuniti,
1229 1970 1398 2048 concepta

73 2052 198 2130 ξῗξὲζζῖξῗὲ
238 2055 451 2120 advertimus
481 2062 516 2120 et
546 2055 715 2120 credimus
745 2056 956 2140 processisse.
1004 2055 1105 2120 Scitis
1135 2056 1262 2119 etenim
1292 2076 1397 2140 quem

238 2169 317 2232 erga
335 2147 492 2212 subditos
510 2154 645 2212 nostros
663 2148 774 2212 zelum
792 2148 918 2212 habere
936 2148 1187 2225 consuevimus
1200 2147 1283 2231 quia
1300 2147 1397 2232 pium

237 2246 272 2304 et
298 2239 475 2317 habemuS,
502 2241 642 2304 favente
667 2239 854 2316 Altissim0‚
882 2240 1049 2304 hactenus
1073 2260 1143 2304 non
1168 2240 1308 2317 mutati,
1334 2260 1398 2305 nec

237 2331 377 2415 quidem
396 2331 438 2395 de
457 2332 572 2414 spoliis
590 2331 808 2396 subditorum
826 2332 942 2395 vivere
961 2331 1146 2415 querimus,
1165 2337 1205 2396 ut
1223 2331 1396 2415 pretendi-

237 2430 305 2501 tur,
327 2423 421 2507 quod
442 2424 543 2501 absit,
565 2424 626 2508 qui
646 2424 755 2508 spolia
774 2423 975 2507 hujusmodi
995 2423 1265 2500 detestabamus,
1287 2423 1396 2488 eciam

237 2516 272 2579 in
303 2515 492 2580 minoribus
523 2516 715 2594 constituti,
747 2516 939 2599 quinimmo
969 2516 1066 2580 varia
1097 2522 1132 2579 et
1162 2515 1397 2599 importabilia

237 2607 439 2692 gravamina
468 2607 594 2691 quibus
624 2628 732 2692 usque
763 2607 808 2671 ad
838 2608 900 2672 hec
929 2613 1049 2672 nostra
1078 2612 1236 2691 tempora
1265 2627 1397 2691 preme-

237 2701 366 2764 bantur
388 2699 518 2764 subditi
541 2699 586 2764 ab
608 2700 763 2784 antiquo,
787 2705 891 2783 prout
913 2699 948 2764 in
970 2698 1123 2783 quadam
1145 2699 1266 2764 cedula
1287 2699 1398 2783 liquet

238 2791 434 2856 evidencius
463 2792 679 2875 presentibus
699 2792 893 2868 interclusa,
911 2791 1111 2869 delevimus,
1132 2792 1222 2855 etin
1242 2792 1398 2856 favorem

238 2882 435 2961 eorundem,
463 2884 507 2947 ad
532 2890 687 2948 nostram
712 2884 895 2967 jacturam,
922 2889 1187 2967 verumptamen
1212 2883 1396 2968 placidam,

237 2976 412 3059 perpetuis
444 2975 657 3058 temporibus
688 2975 929 3059 suspendimus
960 2976 1098 3059 penitus
1128 2975 1231 3060 juxta
1261 2981 1396 3040 votum.

239 3067 327 3131 Sane
344 3067 418 3131 illos
435 3074 652 3151 cornupetas,
676 3088 736 3150 per
756 3088 819 3132 nos
841 3067 886 3131 ad
907 3067 1019 3132 officia
1035 3066 1231 3151 deputatos,
1249 3087 1397 3151 quorum

238 3159 452 3236 meministis
475 3160 535 3243 qui
555 3159 703 3224 subditis
723 3160 859 3236 nostris,
881 3159 980 3224 vobis
1001 3159 1120 3236 eciam,
1142 3165 1182 3224 ut
1203 3159 1396 3243 scripsistis,

238 3271 359 3315 exosos
383 3272 419 3315 se
444 3251 594 3315 offerunt
618 3258 653 3316 et
678 3251 831 3329 infestos,
857 3251 956 3316 nobis
980 3251 1131 3335 petimus
1156 3250 1331 3327 declarari,
1357 3256 1398 3315 ut

239 3342 281 3406 de
303 3349 419 3407 vestro
441 3343 592 3420 consili0,
616 3343 710 3427 quod
732 3349 931 3408 constanter
953 3343 1203 3426 amplectimus,
1383 3345 1397 3386 1

239 3434 284 3499 ad
308 3436 399 3499 fame
423 3442 538 3499 nostre
563 3436 861 3500 conservacionem
885 3456 991 3519 quarn
1015 3435 1202 3519 necgligere
1226 3434 1397 3512 nolumus,

239 3532 274 3590 et
295 3527 513 3592 subditorum
535 3527 739 3604 relevamen,
762 3526 975 3592 commodius
996 3527 1131 3591 salubre
1153 3526 1342 3590 remedium
1362 3527 1398 3590 in

239 3620 305 3683 hac
314 3625 413 3702 parte
423 3619 585 3683 adhibere
596 3620 765 3703 possimus
775 3620 929 3704 sagacius
940 3619 1133 3684 infuturum
1149 3642 1157 3697 ;
1178 3618 1399 3684 attendentes

240 3710 334 3795 quod
379 3732 550 3795 nusquam
597 3712 705 3776 nostri
741 3711 909 3796 propositi
944 3711 1119 3788 extiterat,
1157 3711 1255 3776 novit
1292 3710 1397 3788 DeuS,

239 3803 389 3887 aliquem
410 3803 562 3868 indebite
593 3804 775 3868 molestare
805 3825 864 3868 seu
885 3803 1057 3888 injuriosis
1077 3802 1318 3867 exaccionibus
1338 3802 1398 3867 ali-

239 3895 387 3979 qualiter
409 3916 624 3980 pregravare,
649 3896 733 3979 quin
749 3896 867 3979 pocius
883 3894 1040 3959 subditos
1059 3901 1194 3960 nostros
1215 3895 1250 3958 in
1274 3895 1398 3978 spiritu

239 3987 513 4052 mansuetudinis
534 3994 703 4072 oportune
724 4008 837 4072 regere
858 3987 1026 4071 cupimus,
1048 3987 1230 4072 vigilanter
1250 3986 1398 4051 intendi-

239 4099 326 4156 mus,
367 4086 401 4144 et
440 4101 609 4145 curamus.
657 4080 777 4145 Vestre
815 4079 1006 4144 voluntatis
1044 4079 1261 4163 beneplacita
1299 4078 1398 4143 nobis

239 4171 455 4255 frequencius
474 4172 663 4256 significare
681 4172 795 4236 velitis
814 4171 874 4255 qui
892 4171 1102 4255 paratissimi
1121 4191 1255 4254 semper
1273 4171 1399 4235 erimus

238 4263 508 4328 condescendere
530 4265 622 4329 votis
644 4264 778 4329 vestris
826 4263 1023 4341 Conservet,
1047 4269 1112 4328 etc.

75 4369 204 4408 Thearchb·
283 4355 433 4420 Domino
464 4357 508 4420 H.
541 4356 746 4434 Venerabili,
778 4361 855 4431 etc,
886 4354 953 4431 W,
985 4361 1050 4419 etc.
1098 4355 1260 4438 Receptis
1289 4374 1400 4438 nuper

75 4423 99 4459 to
111 4420 148 4459 the
160 4430 225 4468 same,

75 4470 208 4519 managni
238 4448 460 4532 paternitatis
482 4454 595 4513 vestre
616 4448 740 4513 litteris
762 4446 975 4512 reverencius
997 4453 1032 4512 et
1053 4446 1254 4531 gaudenter,
1278 4446 1400 4511 intime

75 4524 192 4560 &⁵⁸²⁰oe
647 4563 759 4612 1131anu
771 4563 799 4611 in
813 4564 861 4610 the
874 4561 999 4625 original.
