2994 4996
220 489 286 533 THE
309 489 471 534 REGISTER
492 489 533 534 OF
555 487 766 534 ARCHBISHOP
787 489 935 535 WILLIAM
956 488 1157 535 WICKWANE.
1207 470 1264 547 165

111 640 218 706 cionis
238 641 390 726 predicte
411 641 626 719 excercende,
649 664 690 708 ac
709 649 749 708 ut
770 650 969 727 suspectum
990 663 1118 719 recuso
1141 663 1203 726 pro
1225 661 1265 706 eo

112 733 207 817 quod
231 755 294 798 vos
328 734 384 818 jus
410 733 509 798 vobis
544 733 654 798 dicere
689 734 846 800 nitemini
883 734 918 799 in
953 733 1126 800 visitando
1154 733 1265 798 dictas

111 825 290 890 civitatem
310 832 344 890 et
365 825 536 902 diocesim,
558 825 651 909 quod
671 827 785 891 nullus
804 833 919 910 potest
939 826 1004 891 sibi
1023 824 1059 889 in
1078 846 1141 890 sua
1160 845 1265 890 causa

112 917 244 993 facere;
283 924 317 981 et
336 916 430 1001 quod
449 917 484 981 in
503 917 712 1000 possessione
731 919 796 983 hoc
815 917 964 983 faciendi
982 938 1052 982 non
1071 917 1163 994 estis
1184 938 1264 982 cum

113 1029 175 1072 nec
199 1029 271 1085 vos
297 1028 359 1072 nec
383 1008 505 1092 aliquis
529 1008 805 1092 predecessorum
829 1016 1033 1086 vestrorum,
1058 1010 1122 1073 hec
1145 1009 1264 1076 fecisse

112 1100 391 1184 comprobemini,
416 1107 468 1166 set
493 1101 601 1166 clerus
626 1108 661 1165 et
685 1102 832 1185 populus
857 1101 1028 1166 dictarum
1052 1101 1204 1166 civitatis
1229 1107 1263 1166 et

113 1192 277 1276 dyocesis,
293 1214 314 1256 a
328 1200 482 1349 temtpore
496 1193 594 1277 cujus
608 1193 818 1258 contrarium
832 1215 901 1258 non
916 1199 1014 1259 extat
1028 1192 1203 1270 memoria,
1220 1192 1263 1257 ab
1278 1245 1366 1286 ΑΜ
1367 1250 1390 1286 t
1353 1257 1411 1287 m

113 1284 310 1368 hujusmodi
328 1284 408 1349 visit
411 1285 527 1349 acione
545 1285 589 1348 sit
607 1285 692 1349 liber
709 1285 769 1350 et
761 1285 933 1350 immunis
980 1286 1027 1350 Et
1045 1291 1126 1388 peto
1144 1292 1184 1349 ut
1201 1305 1264 1349 vos
1279 1295 1431 1339 wbechosen·

113 1396 247 1440 mecum
262 1376 499 1453 communiter,
515 1377 570 1440 vel
584 1377 650 1442 alio
665 1376 779 1454 mod0,
795 1377 941 1443 arbitros
956 1376 1111 1462 eligatis
1103 1397 1138 1441 1n
1153 1377 1264 1441 forma

112 1467 207 1552 juris,
231 1468 290 1551 qui
313 1467 355 1532 de
377 1468 576 1552 hujusmodi
597 1468 798 1552 suspicionis
819 1489 923 1534 causa
945 1474 1163 1554 cognoscant.
1208 1467 1264 1532 Ad

113 1560 217 1643 quod,
234 1566 269 1624 et
284 1560 392 1624 eciam
408 1559 453 1624 ad
477 1559 695 1644 probandum
710 1560 910 1644 suspicionis
925 1581 1076 1637 causam,
1092 1565 1264 1644 quatenus

114 1651 148 1714 in
165 1652 257 1716 facto
273 1651 440 1728 consistit,
457 1673 536 1716 cum
552 1651 672 1716 arbitri
688 1652 786 1717 electi
801 1651 939 1729 fuerint,
956 1651 1094 1717 nomine
1110 1650 1264 1716 domino-

114 1764 190 1807 rum
204 1763 358 1807 meorum
373 1750 408 1807 et
422 1764 484 1826 pro
498 1743 590 1827 ipsis,
600 1742 675 1808 loco
686 1750 720 1809 et
731 1750 885 1827 tempore
900 1743 1088 1827 oportunis,
1104 1743 1264 1809 informa

115 1835 198 1919 juris
232 1834 337 1899 offero
370 1855 425 1899 me
469 1841 653 1918 paratum3
697 1857 718 1899 a
750 1835 915 1920 premissa
947 1834 1162 1900 recusacione
1194 1855 1264 1899 non

114 1926 312 2003 recedend0,
348 1947 420 2010 ego,
456 1933 657 2010 procurator
690 1926 874 2011 predictus,
909 1933 1091 2011 protestor,
1126 1926 1264 1991 nomine

114 2017 333 2083 dominorum
354 2039 509 2083 meorum
536 2019 779 2102 predictorum,
809 2039 864 2083 me
891 2019 1017 2083 habere
1045 2018 1265 2103 excepeiones

114 2110 246 2174 validas
261 2116 295 2174 et
310 2111 462 2174 efficaces
476 2131 538 2195 pro
552 2110 627 2175 loco
642 2117 676 2175 et
691 2117 845 2195 tempore
860 2117 980 2176 contra
993 2131 1066 2187 νος,
1082 2109 1265 2174 reverende

115 2208 222 2285 pater,
250 2208 284 2266 et
311 2208 462 2266 vestram
487 2202 724 2267 visitacionem
750 2203 941 2286 predictam
966 2201 1205 2287 proponendas
1231 2201 1266 2266 in

116 2294 224 2358 [orma
240 2314 307 2377 que
324 2294 479 2378 sequitur
494 2317 547 2358 :—

158 2385 370 2469 Excipiendo
408 2406 562 2471 propono
600 2406 672 2471 ego,
712 2393 913 2470 procurator
941 2385 1020 2451 cleri
1049 2385 1202 2451 civitatis
1231 2392 1266 2451 et
1282 2410 1422 2460 Exceptions·

114 2477 268 2562 dyocesis
310 2478 603 2580 Dunelmensium,
645 2485 766 2544 contra
806 2499 880 2556 vos,
921 2477 1115 2542 venerande
1156 2482 1265 2562 pater,

114 2569 251 2633 domine
279 2568 344 2646 W,
385 2569 450 2634 Dei
478 2570 591 2654 gracia
619 2570 870 2635 Eboracensem
898 2569 1201 2674 archiepiscopum,
1231 2575 1266 2634 et
1280 2560 1375 2661 {¹53⁰ss
1391 2562 1432 2612 Μ’

116 2667 266 2725 vestram
289 2661 525 2726 visitacionem
547 2682 653 2745 quam
676 2663 786 2727 iacere
808 2661 1017 2727 intenditis
1009 2683 1044 2727 1n
1067 2660 1209 2726 civitate
1231 2666 1266 2726 et
1280 2641 1399 2760 iiffissi

114 2752 251 2837 dyocesi
279 2753 577 2830 Dunelmensibus,
606 2753 700 2838 quod
727 2774 790 2818 vos
818 2753 899 2819 ad
890 2774 1002 2837 ipsam
1029 2753 1266 2818 visitacionem
1280 2742 1413 2813 yetv'isitott

114 2845 358 2909 excercendam
385 2845 566 2929 procedere
592 2866 663 2909 non
690 2845 835 2930 potestis
861 2865 924 2911 nec
951 2845 1029 2910 de
1019 2865 1094 2930 Jure
1122 2844 1265 2923 debetis,

115 2943 229 3000 vestro
245 2937 407 3021 capitulo
425 2937 576 3014 civitate,
594 2943 628 3002 et
644 2937 781 3022 dyocesi
796 2936 1069 3003 Eboracensibus
1083 2957 1153 3001 non
1167 2936 1267 3021 plene

117 3028 275 3105 visitatis,
306 3049 369 3092 nec
398 3029 514 3112 aliqua
542 3029 750 3115 negligencia
780 3029 963 3114 dyocesani
990 3028 1057 3094 loci
1085 3027 1191 3112 ipsius
1221 3027 1266 3093 ad

115 3126 265 3184 vestram
280 3121 459 3184 nocionem
474 3121 651 3204 perducta,
668 3121 766 3206 cujus
782 3121 928 3186 obtentu
944 3120 980 3185 in
995 3120 1106 3186 forma
1121 3119 1205 3204 juris
1221 3119 1267 3185 ad

115 3212 327 3276 visitandum
345 3212 455 3277 dictas
472 3212 650 3278 civitatem
668 3219 703 3277 et
721 3212 894 3297 dyocesim
911 3212 1093 3297 procedere
1109 3212 1265 3296 possetis,

117 3303 179 3368 etsi
194 3304 229 3367 in
243 3304 453 3388 possessione
467 3304 558 3368 dicte
572 3304 782 3370 visitacionis
796 3304 924 3382 essetis,
939 3304 1034 3408 quod
1046 3324 1117 3370 non
1130 3304 1252 3369 fateor

160 3396 260 3472 Item,
289 3395 489 3479 excipiendo
516 3417 670 3479 propono
696 3395 801 3481 quod,
830 3397 895 3462 etsi
921 3395 1115 3462 visitacioni
1140 3400 1266 3460 metro-
1280 3415 1326 3457 nn
1333 3414 1418 3507 imos

116 3487 262 3571 politice,
279 3487 395 3571 quoad
410 3488 537 3552 clerum
562 3487 800 3553 Dunelmensis
823 3487 977 3573 dyocesis
991 3487 1156 3564 faciende,
1172 3464 1412 3558 recusantium
1333 3466 1424 3517 “m

116 3585 214 3654 esset,
247 3600 319 3655 vos,
351 3579 529 3643 dominum
560 3579 861 3665 archiepiscopum,
893 3586 1011 3645 tamen
1042 3579 1087 3644 ad
1116 3598 1265 3664 presens,
1279 3566 1378 3707 ξῗζᾷῗ

115 3670 307 3754 dyocesano
321 3677 438 3735 nostro
453 3672 621 3755 episcopo,
637 3671 806 3749 videlicet,
818 3670 1050 3749 Dunehnensi,
1062 3665 1346 3755 acejusdemfflb
1279 3714 1422 3759 cmm,

115 3762 267 3845 capitulo
286 3763 440 3827 nondum
459 3763 618 3840 visitatis,
639 3763 684 3828 ad
703 3763 919 3828 ecclesiarum
938 3768 1134 3828 nostrarum
1152 3761 1318 3847 singu-the
1279 3817 1333 3859 dm
1332 3816 1389 3859 aa

115 3853 238 3918 larium
274 3854 509 3919 visitacionem
545 3855 751 3921 auctoritate
786 3855 1037 3940 metropolitica
1072 3853 1265 3920 faciendam

116 3945 298 4009 admittere
318 3966 387 4010 non
407 3952 572 4023 tenemur,
593 3967 656 4011 nec
674 3967 736 4012 nos
755 3946 800 4012 ad
818 3946 1010 4030 predictam
1028 3945 1264 4012 visitacionem

115 4037 367 4120 suscipiendam
386 4038 456 4101 de
446 4058 521 4122 Jure
529 4039 740 4141 compellere
759 4038 914 4123 potestis,
934 4058 997 4104 nec
1016 4038 1158 4104 debetis.

161 4129 261 4206 item,
282 4150 361 4194 cum
381 4129 535 4194 clerus
508 4129 659 4194 civitatis
679 4136 713 4194 et
733 4130 887 4215 dyocesis
907 4129 1189 4196 Dunehnensium
1208 4127 1266 4194 1lla
1277 4146 1324 4188 The
1335 4147 1408 4199 aa„

115 4221 197 4284 hact
183 4226 282 4285 tenus
310 4221 354 4285 sit
382 4221 519 4305 gavisus
545 4222 712 4288 libertate
732 4221 895 4306 plenaria,
923 4228 964 4288 ut
990 4222 1085 4288 nullo
1112 4239 1266 4305 unquam
1278 4197 1410 4289 nm

116 4318 269 4395 tempore
291 4312 416 4416 aliquis
440 4314 665 4379 Eboracensis
689 4312 994 4418 archiepiscopus
985 4333 1021 4379 rn
1044 4313 1265 4398 possessione,
1278 4296 1422 4400 ffissffl

119 4405 175 4468 vel
201 4405 310 4489 quasi,
327 4405 480 4470 extiterit
495 4405 706 4471 visitacionis
731 4405 914 4472 officium
905 4425 941 4471 in
967 4406 1115 4473 eundem
1140 4404 1267 4471 clerum
1279 4399 1353 4441 Μ·

119 4496 328 4574 excercendi‚
350 4503 402 4563 set
423 4519 444 4562 a
464 4504 618 4582 tempore
639 4497 853 4565 fundacionis
873 4497 1010 4564 ecclesie
1030 4496 1269 4565 Dunelmensis
