2994 4996
202 408 267 452 THE
290 407 453 452 REGISTER
474 408 516 451 OF
537 407 748 452 ARCHBISHOP
769 406 916 451 WILLIAM
937 404 1137 451 WICKWANE.
1212 387 1251 463 65

98 560 247 638 Clarelle‚
278 560 476 625 clericorum
506 567 712 637 nostrorum,
743 559 949 644 precipiatis,
980 559 1008 622 si
1037 557 1161 642 placet,
1192 578 1253 642 per

97 653 333 718 vicecomitem
362 652 616 736 Notinghamie,
645 653 704 736 qui
724 652 870 717 eundern
903 650 1090 716 Ricardum
1120 649 1252 714 detinet
1274 663 1313 706 1¹0.
1324 664 1370 706 01.
1460 678 1463 683 >

99 746 133 809 in
151 745 318 820 custodia,
338 744 482 828 benigne
499 744 645 808 liberari.
709 744 829 821 iidem,
849 743 951 820 enirn,
971 742 1016 806 H.
1036 748 1070 806 et
1088 742 1134 824 J.,
1154 741 1252 805 vobis

99 837 154 900 vel
185 836 278 901 dicto
318 836 522 913 vicecomiti,
553 836 642 900 sicut
684 835 924 912 intelleximus,
964 834 1110 898 fideliter
1140 854 1253 917 repro-

99 929 241 993 mittent
272 934 306 992 et
336 928 509 992 cavebunt
539 948 600 1012 per
628 928 754 1005 omnia,
785 928 873 992 sicut
903 927 1036 1004 vultisl,
1067 925 1162 1009 quod
1191 945 1253 1009 pro

101 1021 228 1084 honore
252 1019 316 1083 Dei
340 1026 374 1083 et
398 1026 515 1084 sancte
539 1040 598 1084 sue
622 1019 769 1097 ecclesie,
794 1040 835 1084 ac
857 1018 968 1084 salute
992 1019 1104 1083 anime
1128 1023 1251 1094 vestre,

101 1112 250 1196 petimus
267 1112 309 1176 de
325 1112 438 1195 gracia
454 1112 643 1196 adimpleri.
690 1111 875 1176 Conservet
891 1131 964 1188 νος,
982 1117 1046 1175 010.

146 1246 219 1312 209.
265 1227 379 1310 4lral.
407 1228 524 1292 Marcii
551 1228 646 1309 (Feb.
674 1245 727 1312 27,
756 1227 922 1312 1279·80).
969 1227 1141 1312 Wyltone.
1187 1225 1383 1304 0.,0001.

102 1327 178 1397 etc,
196 1320 434 1384 archidiacono
452 1320 705 1404 Notinghamie,
722 1320 880 1397 salutem,
898 1326 962 1384 etc.
1010 1319 1254 1383 Presentarunt

103 1412 200 1475 nobis
217 1411 332 1476 dilecti
348 1413 383 1475 in
400 1411 533 1476 Christo
549 1412 620 1488 filii,
638 1412 781 1496 religiosi
797 1412 872 1489 viri,
890 1412 998 1476 abbas
1014 1417 1049 1475 et
1065 1416 1256 1475 conventus

103 1504 144 1567 de
164 1502 296 1580 Neubo,
316 1504 519 1588 magistrum
534 1503 742 1568 Willelmum
758 1504 800 1567 de
817 1503 1000 1582 Hottone2,
1017 1503 1256 1587 presbiterum,

104 1595 148 1659 ad
177 1595 352 1660 ecclesiam
381 1595 423 1659 de
453 1595 660 1673 Knivetone,
690 1602 884 1673 vacantem,
914 1615 981 1679 que
1010 1595 1055 1659 ad
1083 1600 1257 1678 presenta-

104 1687 235 1751 cionem
259 1707 357 1751 suam
381 1687 507 1752 dicitur
529 1688 708 1771 pertinere.
755 1688 894 1765 Venrm,
918 1687 1000 1772 quia
1023 1686 1256 1773 inquisicione,

105 1779 197 1843 13013
224 1799 326 1862 super
352 1785 449 1844 statu
475 1779 581 1864 ipsius
609 1778 745 1844 ecclesie
773 1800 814 1843 ac
840 1779 970 1868 meritis
997 1778 1186 1863 presentati
1214 1777 1259 1842 ad

104 1870 259 1948 eandem,
273 1878 376 1955 prout
389 1871 493 1936 moris
506 1877 568 1947 est,
583 1870 759 1936 ecclesiam
772 1871 882 1955 ipsam
895 1891 956 1955 per
969 1877 1108 1935 tantum
1122 1876 1259 1954 tempus

105 1983 227 2026 vacare
254 1963 490 2046 comperimus
518 1963 612 2047 quod
638 1963 743 2046 ipsius
769 1961 909 2028 collacio
935 1963 1001 2028 hac
1026 1963 1100 2027 vice
1126 1961 1171 2026 ad
1197 1982 1259 2027 nos

106 2054 222 2118 extitit
242 2054 417 2120 devoluta.
457 2055 773 2138 Perperpendimus,
787 2055 906 2131 eciam,
921 2054 1097 2120 ecclesiam
1115 2053 1259 2118 eandem

106 2152 259 2229 tempore
277 2146 542 2230 presentacionis
560 2146 769 2230 hujusmodi,
789 2145 831 2210 de
849 2145 1004 2230 predicto
1022 2146 1186 2231 magistro
1204 2144 1258 2210 W.

106 2238 207 2314 13010,
229 2238 273 2301 ab
294 2237 359 2301 alio
380 2238 481 2302 fuisse
501 2238 543 2301 de
563 2239 657 2302 13010
676 2244 904 2322 occupatam3
944 2239 1042 2323 cujus
1062 2238 1258 2322 resignaci0,

106 2330 134 2393 si
154 2349 221 2412 que
242 2335 341 2406 esset,
363 2329 461 2393 nobis
477 2349 539 2393 000
553 2330 707 2394 exhibita
728 2331 841 2395 100131
862 2350 925 2394 000
946 2329 1105 2394 admissa.
1128 2329 1204 2394 Hiis
1225 2335 1260 2393 et

107 2421 181 2484 aliis
209 2421 312 2484 variis
340 2421 532 2486 racionibus
560 2422 713 2505 predicto
742 2422 906 2506 magistro
934 2442 977 2486 ex
1005 2421 1260 2506 presentacione

106 2513 304 2596 hujusmodi
323 2512 367 2576 ad
386 2513 560 2577 ecclesiam
579 2520 806 2578 memoratam
824 2514 956 2579 nullum
974 2514 1030 2598 jus
1049 2513 1260 2598 adquisitum

106 2624 178 2667 esse
202 2604 430 2681 attendentes
447 2605 739 2689 presentacionem
763 2607 874 2690 ipsam
898 2605 1166 2690 reprobavimus
1190 2605 1260 2690 jus-

106 2696 188 2760 ticia
230 2696 396 2780 exigente.
456 2697 624 2774 Ceterum,
669 2698 751 2782 quia
794 2697 836 2762 de
880 2698 954 2762 vita
997 2696 1260 2762 commendabili

106 2808 241 2851 morum
274 2795 309 2851 et
342 2789 612 2853 conversacionis
644 2789 786 2854 honeste
819 2789 991 2854 laudabile
1024 2789 1260 2853 testimonium

107 2879 294 2964 recepimus
331 2879 373 2943 de
409 2880 539 2958 eodem,
577 2887 612 2945 et
648 2881 761 2964 ipsum
797 2881 991 2945 invenimus
1026 2887 1261 2965 competenter

105 2972 310 3048 litteratum,
333 2979 366 3036 et
388 2971 423 3035 in
444 2972 561 3036 ordine
582 2973 828 3057 presbiteratus
849 2973 1089 3050 constitutum,
1111 2973 1260 3057 graciam

106 3063 287 3147 specialem
319 3064 429 3127 eidem
461 3065 570 3128 130010
601 3065 755 3129 volentes
786 3065 821 3129 in
852 3065 917 3130 hac
948 3071 1057 3149 parte,
1089 3065 1260 3148 prefatam

106 3155 282 3220 ecclesiam
293 3155 335 3219 de
346 3155 556 3239 Knyvetone.
570 3156 680 3220 eidem
695 3157 859 3241 magistro
871 3155 937 3235 W,
950 3157 1104 3241 premissi
1115 3156 1261 3222 auctori-

107 3253 182 3311 tate
218 3247 394 3330 [concilii]3
429 3247 647 3325 contulimus,
683 3249 813 3314 intuitu
848 3249 1013 3314 caritatis
1095 3248 1262 3333 Quocirca

108 3339 208 3403 vobis
239 3339 445 3404 mandamus
476 3341 641 3424 quatinus
672 3340 865 3425 predictum
897 3339 950 3406 W.
984 3341 1019 3405 in
1051 3340 1261 3426 corporalem

106 3431 353 3514 possessionem
372 3431 523 3515 predicte
540 3432 676 3498 ecclesie
692 3432 734 3497 de
751 3432 961 3518 Knyvetone
978 3452 1039 3516 per
1055 3452 1118 3497 vos
1130 3452 1189 3497 seu
1201 3452 1262 3516 per

107 3522 214 3587 alium
225 3522 406 3600 inducatis
419 3523 582 3589 facientes
593 3524 703 3589 eidem
714 3524 756 3588 de
768 3525 937 3590 fructibus
947 3531 982 3588 01
993 3524 1262 3589 obvencionibus

107 3613 214 3698 ipsius
230 3614 366 3679 ecclesie
383 3636 404 3679 a
420 3621 573 3700 tempore
589 3616 799 3681 induccionis
814 3615 1013 3701 hujusmodi
1029 3637 1108 3681 cum
1124 3617 1262 3701 integri·

107 3712 183 3770 tate
199 3705 316 3770 debita
333 3707 538 3791 responderi.

153 3800 242 3862 2104.
290 3816 412 3864 anon.
438 3799 555 3863 Marcii
579 3800 709 3882 (March
732 3799 763 3878 6,
790 3799 957 3887 1279-80).
1003 3800 1148 3886 Thorpe.
1195 3798 1261 3878 W,

109 3896 187 3966 010,
215 3890 378 3968 Roberto,
405 3891 532 3956 vicario
558 3891 600 3956 de
626 3891 812 3969 Radeford,
838 3892 996 3971 salutem,
1023 3900 1088 3958 010.
1136 3893 1262 3957 Puram

109 3989 145 4045 et
171 3981 335 4047 sinceram
361 3981 556 4048 devocionis
581 3990 640 4049 tue
665 3984 911 4049 conscienciam
936 3985 972 4049 in
997 3984 1146 4049 Domino
1171 4004 1263 4049 corn-

109 4073 339 4152 mendantes5,
361 4095 401 4138 ac
420 4075 591 4139 laudabile
612 4076 848 4141 testimonium
867 4076 962 4161 quod
982 4097 1003 4141 a
1022 4076 1200 4161 fidedignis
1221 4075 1263 4140 de

146 4210 256 4263 ¹Wltis.
295 4214 344 4262 Fo.
361 4213 418 4262 121.
714 4216 793 4265 “Pro
823 4215 957 4279 magistro
992 4215 1138 4280 hospitalis
1167 4215 1261 4266 Sancti

146 4279 158 4310 ²
168 4280 285 4344 Perhaps
298 4280 435 4330 Hoctone.
713 4283 849 4348 Johannis
861 4283 1060 4346 Notinghamie
1072 4283 1227 4333 iaciendo.”

144 4343 296 4411 ³Supplied
310 4347 431 4397 1100110.
449 4348 505 4396 121.
747 4348 977 4400 “comendantes
1015 4350 1063 4400 Fo.
1080 4349 1138 4398 121.

145 4412 298 4477 ⁴Marginal
318 4413 436 4478 heading
454 4417 539 4464 onio.
557 4415 601 4463 121
618 4431 660 4470 :-

1153 4502 1176 4553 E
