2994 4996
241 483 282 547 40
343 481 409 530 THE
432 481 594 530 REGISTER
615 482 657 530 OF
679 482 892 530 ARCHBISHOP
913 483 1061 530 WILLIAM
1082 484 1283 530 WICKWANE.

286 639 464 716 Martinus
478 639 666 723 episcopus,
680 660 797 704 servus
809 659 985 705 servorum
996 639 1070 717 Dei,
1083 639 1269 704 venerabili
1289 639 1397 716 iratri,

241 731 494 815 archiepiscopo
525 731 743 809 Eboracensi,
770 731 916 796 salutem
935 737 970 796 et
992 731 1216 815 apostolicam
1240 731 1397 795 benedic-

240 823 384 887 cionem.
436 822 610 888 Accedens
638 823 682 887 ad
702 824 912 908 presenciam
936 829 1090 888 nostram
1119 822 1263 888 dilectus
1296 823 1396 899 filius,

242 914 447 998 Radulphus
474 915 515 978 de
543 915 660 998 Longo
686 936 819 999 campe,
848 915 1002 992 acolituS,
1030 921 1089 980 tue
1116 915 1269 990 diocesis,
1298 915 1397 979 nobis

240 1006 415 1071 humiliter
429 1006 636 1090 supplicavit
653 1012 692 1071 ut
704 1028 783 1072 curn
800 1027 839 1070 eo
852 1028 953 1091 super
964 1007 1100 1072 deiectu
1113 1006 1281 1071 natalium
1294 1027 1397 1090 quem

241 1099 384 1182 patitur,
422 1098 464 1161 de
481 1098 690 1162 subdiacono
721 1099 856 1182 genitus
879 1104 913 1163 et
936 1099 1059 1176 soluta,
1083 1098 1177 1182 quod
1199 1099 1398 1182 hujusmodi

240 1210 310 1254 non
323 1190 484 1254 obstante
498 1189 634 1255 deiectu
647 1191 755 1274 possit
775 1191 809 1255 in
822 1191 988 1275 susceptis
1001 1190 1177 1255 ordinibus
1193 1190 1397 1267 ministrare,

241 1282 286 1346 ad
314 1302 432 1346 omnes
460 1302 573 1347 sacros
601 1283 805 1366 promoveri,
835 1289 870 1348 et
899 1282 1164 1347 ecclesiasticum
1193 1283 1396 1347 beneficium

240 1373 404 1451 obtinere,
441 1374 548 1439 eciam
583 1375 611 1438 si
647 1395 764 1439 curam
799 1375 926 1439 habeat
962 1374 1165 1451 animarum,
1202 1374 1397 1458 dispensare

239 1465 501 1530 misericorditer
512 1486 717 1531 curaremus.
763 1466 819 1530 Ad
830 1472 875 1544 te,
888 1467 1001 1551 igitur,
1014 1466 1228 1530 remittentes
1239 1465 1397 1543 eundem,

238 1557 447 1622 fraternitati
467 1564 526 1622 tue
549 1579 610 1641 per
629 1558 817 1642 apostolica
842 1558 970 1642 scripta
988 1557 1194 1622 mandamus
1220 1557 1395 1642 quatinuS,

239 1649 461 1713 consideratis
494 1649 673 1733 diligenter
706 1651 974 1714 circumstanciis
1008 1650 1174 1714 universis
1206 1669 1273 1733 que
1307 1650 1396 1714 circa

240 1741 476 1825 ydoneitatem
496 1761 638 1824 persone
658 1742 785 1806 luerint
805 1741 1025 1819 attendende,
1047 1742 1074 1805 si
1093 1747 1235 1825 paterne
1255 1762 1324 1805 non
1344 1747 1396 1806 est

240 1832 489 1897 incontinencie
526 1832 690 1911 imitator,
725 1841 777 1898 set
811 1835 900 1899 bone
936 1833 1206 1898 conversacionis
1239 1840 1274 1898 et
1314 1833 1396 1910 vite,

241 1944 343 2008 super
353 1925 479 2009 quibus
491 1931 589 1989 tuam
601 1925 811 1990 intendimus
823 1925 1069 1990 conscienciam
1081 1945 1231 2002 onerare,
1246 1924 1397 2009 aliasque

241 2017 306 2081 sibi
326 2017 449 2081 merita
468 2016 701 2100 suffragantur
721 2017 766 2081 ad
786 2017 1051 2101 dispensacionis
1071 2018 1220 2102 graciam
1241 2017 1398 2106 obtinen-

242 2109 334 2183 dam,
365 2129 466 2192 super
495 2109 666 2192 premissis
696 2109 902 2174 auctoritate
932 2115 1050 2173 nostra
1079 2109 1263 2193 dispenses
1294 2115 1398 2192 prout

241 2199 430 2265 secundum
462 2200 574 2265 Deum
607 2201 718 2264 anime
750 2221 810 2265 sue
833 2200 936 2265 saluti
968 2201 1093 2265 videris
1125 2200 1302 2284 expedire;
1336 2200 1397 2278 ita,

242 2298 370 2370 tamen,
399 2293 493 2376 quod
520 2291 611 2357 idem
639 2293 793 2370 acolitus
822 2298 925 2376 prout
954 2292 1102 2376 requiret
1130 2313 1216 2356 onus
1243 2292 1398 2357 beneficii

241 2383 335 2468 quod
361 2404 440 2449 eum
465 2390 544 2467 post
569 2384 861 2468 dispensacionem
886 2384 1085 2468 hujusmodi
1110 2384 1263 2448 obtinere
1289 2385 1398 2449 conti-

241 2477 338 2561 gerit,
358 2476 403 2540 ad
421 2476 555 2539 ordines
572 2476 715 2540 statutis
733 2476 945 2560 temporibus
962 2496 997 2542 se
1015 2476 1121 2540 iaciat
1139 2477 1342 2560 promoveri,
1362 2484 1397 2540 et

242 2568 464 2652 personaliter
483 2567 629 2632 resideat
648 2568 683 2631 in
702 2567 822 2631 eodem
838 2590 845 2645 ;
884 2567 1035 2651 alioquin
1054 2568 1252 2652 hujusmodi
1271 2568 1395 2652 gracia,

241 2680 310 2744 quo
340 2660 384 2723 ad
413 2659 616 2724 beneficium
649 2660 773 2743 ipsum,
803 2659 928 2723 nullius
957 2659 1094 2743 penitus
1134 2660 1179 2723 sit
1219 2660 1397 2724 momenti.

241 2752 323 2816 Dat.
342 2751 435 2835 apud
459 2751 588 2816 Urbem
605 2751 774 2828 Veterem,
793 2752 833 2814 v⁰
850 2751 917 2815 kal.
937 2751 1028 2826 Maii,
1047 2751 1269 2835 pontificatus
1290 2752 1398 2817 nostri

241 2865 332 2908 anno
348 2844 458 2928 primo
476 2843 585 2927 (April
601 2861 653 2928 27,
673 2843 782 2925 1281).

77 2960 193 3052 lll⁰⁵¹l
242 2985 322 3049 mc
354 2983 715 3049 murmannus
746 2983 943 3049 renerus
975 2983 1309 3050 pollueremus

45 3232 49 3237 ,,
287 3188 359 3250 131.
409 3187 448 3249 13
486 3168 553 3232 kal.
592 3167 668 3233 Oct.
708 3075 921 3252 (S'efflssfflb
961 3168 1055 3233 1281.
1103 3169 1396 3253 Ravenesthorpe.

78 3263 188 3305 Peum-
241 3260 437 3324 Admission
460 3260 529 3324 and
550 3260 748 3324 institution
770 3261 807 3324 oi
828 3261 956 3325 Master
978 3260 1098 3345 Henry
1120 3261 1162 3325 de
1185 3261 1338 3325 Burtone
1361 3268 1398 3325 to

104 3355 106 3360 ’
242 3353 301 3417 the
328 3353 455 3417 church
482 3353 518 3416 oi
544 3352 737 3429 Penistone,
766 3373 810 3415 on
838 3353 896 3416 the
923 3373 1010 3436 pres.
1038 3353 1075 3416 oi
1100 3351 1153 3417 Sir
1179 3352 1328 3416 Thomas
1355 3353 1398 3416 de

6 3453 7 3456 ’
78 3438 212 3530 ’ξξξδξῐξξξῃ
243 3444 359 3529 Burgh
380 3445 431 3526 (de
449 3445 657 3528 Burgolt
594 3444 681 3520 knt.,
704 3443 872 3508 “racione
891 3443 1067 3508 medietat
1042 3450 1086 3508 trs
1106 3444 1294 3528 ejusdem.'’

78 3539 235 3638 ξξῦξξᾞὸῡ
288 3554 361 3617 132.
407 3534 804 3617 4non.Nov(N0v2,
825 3535 933 3616 1281)
981 3535 1135 3599 Cawode
1182 3535 1251 3600 Suo
1268 3536 1398 3600 decano

102 3619 184 3680 eitthe
244 3628 511 3692 Christianitatis
539 3627 763 3692 Eboracensis
791 3628 881 3691 salut
867 3633 948 3705 t,em
978 3634 1042 3692 etc
1090 3628 1188 3692 Penit
1191 3627 1328 3692 entibus
1356 3628 1399 3691 de

80 3689 184 3740 Beverley

107 3703 222 3781 nitentysat
245 3720 429 3784 Beverlaco
471 3719 564 3803 apud
606 3719 780 3784 ecclesiam
827 3719 927 3783 Beati
973 3718 1128 3783 Nicholai
1173 3719 1398 3783 Eboracensis

80 3790 231 3889 iiiiii?
244 3817 475 3882 occurrerast
443 3811 593 3888 st,udeas
622 3832 700 3875 cum
728 3811 769 3874 de
797 3811 909 3875 vicino
935 3811 1087 3894 ipsorum
1115 3811 1268 3875 adventu
1295 3812 1399 3875 fueris

80 3890 173 3981 ἷξξῖῇξ
243 3905 468 3987 premunitus,
492 3923 589 3987 quos,
613 3902 776 3987 depositis
799 3902 1047 3979 calceamentis
1071 3908 1163 3980 tena,
1187 3910 1222 3967 et
1244 3904 1397 3987 capuci0,

79 3991 213 4087 ξξξζῑξξῗζζ
244 4001 319 4059 vest
305 3995 397 4059 tibus
421 4016 529 4079 usque
554 3995 598 4058 ad
622 3995 730 4060 solam
755 3995 908 4058 tunicam
933 3994 1076 4097 absque
1086 3994 1220 4079 cingulo
1201 3995 1361 4059 ototalit
1347 4001 1401 4059 ter

81 4090 176 4140 fflmter
189 4096 212 4132 t0
214 4087 367 4182 exutis,
396 4087 479 4151 inibi
507 4087 658 4170 recipias,
688 4107 812 4170 eosque
839 4092 965 4163 tecum,
993 4086 1097 4150 cereis
1123 4092 1260 4170 compet
1246 4088 1400 4151 tentibus

116 4142 232 4283 {lffl
244 4179 392 4243 accensis
417 4179 451 4242 in
469 4179 628 4243 manibus
649 4179 869 4263 singulorum,
888 4177 1108 4261 precedentes
1125 4199 1233 4262 usque
1257 4186 1399 4262 pontem

132 4291 205 4331 auor
244 4269 286 4334 de
310 4270 388 4347 Use,
409 4277 444 4334 et
464 4270 585 4334 exinde
614 4271 744 4354 regias
728 4276 839 4334 srtata
857 4289 965 4353 usque
984 4269 1029 4332 ad
1051 4270 1227 4334 ecclesiam
1246 4277 1400 4335 nostram

132 4340 201 4432 hina
243 4362 475 4465 cathedralem
519 4383 597 4427 cum
640 4362 744 4447 virgis
787 4361 1061 4465 disciplinaribus
1104 4362 1302 4446 insequaris
1348 4384 1399 4440 ac,

140 4452 168 4483 'VO
