2994 4996
225 475 284 554 278
347 490 414 535 rue
437 489 600 535 necisum
622 489 664 534 or
688 477 901 535 Ancusrsuor
922 488 1071 534 unuln
1093 486 1290 554 wrcanue

61 645 174 689 F⁰1¹⁹⁰¹i
268 643 344 729 696.
390 643 600 727 4kal.Sept.
616 643 784 728 (Aug.29‚
801 643 910 725 1281).
959 643 1116 727 Kirkeby
1128 660 1233 726 super
1244 659 1391 705 moram.

81 800 86 810 ,
226 736 360 821 Rogero
385 736 428 800 de
454 735 633 821 Moubray.
680 736 776 800 Licet
802 735 984 800 mulierum
1010 733 1186 800 consorcia
1210 754 1234 798 a
1259 731 1392 817 religio-

62 799 194 941 }iffiiefii
226 848 342 893 sorum
364 828 497 892 cetibus
519 828 819 913 segregaverimuS,
843 834 882 893 ut
905 834 957 893 est
979 827 1075 912 juris,
1098 825 1235 903 vestris
1259 831 1391 900 tamen,

63 911 206 1000 efflato
226 920 384 1004 precibus
415 920 651 984 favorabiliter
680 920 846 998 inclinati,
868 920 1029 985 volumus
1048 918 1144 1002 quod
1164 938 1254 983 uxor
1273 922 1393 981 vestra

331 1012 462 1077 familia
486 1012 521 1076 in
545 1012 649 1077 domo
674 1013 716 1077 de
733 1012 834 1077 Novo
855 1013 964 1098 burgo
988 1032 1098 1095 usque
1115 1010 1160 1075 ad
1175 1010 1392 1095 quindenam

226 1111 305 1190 post
322 1105 450 1169 festum
466 1104 584 1169 Sancti
601 1104 775 1169 Michaelis
792 1105 989 1188 proximum
1005 1103 1256 1188 perhendinare
1280 1099 1392 1185 possit

227 1197 331 1262 libere
355 1203 390 1261 et
414 1197 563 1274 morari3
612 1197 702 1261 hanc
725 1203 881 1262 nostram
904 1197 1056 1282 graciam
1079 1195 1224 1261 ulterius
1249 1192 1393 1258 minime

226 1296 461 1375 prorogantes.

64 1403 187 1444 ricenceto
271 1381 346 1467 697.
393 1381 414 1446 6
450 1381 528 1446 idus
564 1381 658 1465 Sept.
698 1381 806 1466 (Sept.
845 1381 891 1463 8),
931 1381 1027 1447 1281.
1074 1380 1215 1465 Scroby.
1264 1378 1394 1443 Pateat

64 1454 148 1494 Gilbert
158 1454 185 1494 de
280 1474 285 1485 ·
371 1474 377 1484 ·
634 1474 639 1485 ·
778 1474 783 1484 .
954 1474 960 1485 .

65 1504 181 1555 Wegeland
227 1494 397 1539 unrversrs
419 1479 595 1558 presentes
618 1474 752 1538 litteras
775 1480 979 1558 inspecturrs
1002 1473 1098 1558 quod
1121 1492 1194 1549 nos
1219 1471 1287 1546 W„
1313 1476 1392 1546 etc,

65 1554 208 1645 ῗὲἶὲξοζῆθ
229 1565 420 1631 exilitatem
450 1571 485 1630 et
517 1566 725 1631 facultatum
755 1566 946 1650 penuriam,
977 1586 1048 1649 qua
1079 1563 1252 1648 hospitale
1283 1562 1393 1626 Beate
1481 1582 1483 1586 ⁴

66 1654 197 1745 ‘¹¹⁸¹'500ss
229 1658 335 1722 Marie
364 1657 565 1743 Magdalene
593 1658 636 1722 de
666 1659 806 1735 Bautre‚
836 1658 945 1723 nostri
973 1663 1192 1742 patronatus,
1222 1654 1395 1739 premitur

64 1717 93 1746 on
103 1717 131 1745 an
155 1705 198 1746 live

64 1756 187 1846 {3023th
229 1750 354 1815 anxius
377 1751 451 1832 (sic)
474 1756 509 1815 et
531 1756 707 1834 gravatur,
731 1750 817 1815 adeo
840 1750 934 1834 quod
956 1749 1002 1814 ad
1024 1756 1216 1814 extremam
1238 1746 1395 1831 inopiam

65 1818 189 1945 whiciwits
228 1842 301 1927 jam
332 1842 500 1926 pervenit,
532 1843 582 1907 ita
612 1842 707 1926 quod
737 1842 895 1907 divinum
926 1841 1130 1926 obsequium
1161 1839 1292 1904 ibidem
1323 1839 1395 1903 fere

65 1918 187 1958 Ἥρω
229 1934 357 2000 decidit
373 1954 433 2018 pre
448 1935 596 2012 defectu,
614 1935 649 1999 in
665 1935 912 2018 compassionis
927 1926 1144 2019 amplexibus
1159 1933 1339 1997 intuentes
1355 1951 1395 1995 ac

229 2026 411 2092 caritative
454 2027 650 2092 devocionis
691 2027 808 2091 studio
851 2026 1001 2090 relevare
1043 2025 1221 2110 cupientes
1264 2022 1395 2108 quibus

230 2119 385 2184 valemus
406 2119 566 2184 subsidiis
588 2119 778 2203 oportunis,
802 2118 955 2184 sollicitis
977 2118 1135 2203 precibus
1156 2123 1191 2181 et
1214 2115 1395 2181 instanciis

231 2211 367 2296 Rogeri‚
387 2217 471 2276 tunc
489 2211 644 2296 magistri
663 2211 843 2295 hospitalis
861 2211 1027 2296 ejusdem,
1048 2209 1194 2275 Gilberti
1212 2208 1255 2273 de
1274 2207 1396 2292 Wege-

230 2304 336 2381 land'‚
359 2324 400 2368 ac
422 2303 598 2380 Beatricis,
622 2303 737 2368 uxoris
759 2304 925 2388 ejusdem,
948 2303 1008 2387 qui
1029 2300 1242 2367 ordinacioni
1263 2306 1394 2376 nostre,

231 2403 305 2462 tarn
336 2396 372 2460 in
403 2395 555 2480 personis
586 2396 667 2472 suis,
699 2416 806 2479 quam
837 2395 873 2459 in
903 2395 1013 2472 bonis
1046 2394 1192 2479 prestito
1224 2391 1396 2477 corporali

231 2495 458 2566 sacramento,
493 2508 528 2552 se
561 2487 761 2572 simpliciter
793 2487 1038 2563 submiserunt,
1073 2484 1312 2551 favorabiliter
1346 2484 1396 2549 in·

232 2580 361 2657 clinati‚
382 2580 426 2644 ad
445 2580 722 2645 sublevacionem
741 2585 935 2665 egestatum
953 2586 988 2644 et
1007 2578 1265 2664 reparacionem
1284 2578 1397 2642 defec-

232 2680 334 2738 tuum
348 2673 528 2757 hospitalis
542 2672 734 2749 memorati,
751 2672 980 2749 concedimus
996 2677 1031 2736 et
1046 2677 1166 2736 tenore
1180 2668 1397 2755 presencium

233 2765 432 2830 ordinamus
447 2764 541 2848 quod
557 2765 732 2849 predictus
747 2763 922 2829 Gilbertus
937 2784 1016 2829 curn
1032 2774 1142 2828 uxore'
1154 2784 1217 2828 sua
1232 2761 1397 2838 et'bonis,

233 2858 269 2922 in
303 2878 385 2922 usus
418 2856 599 2941 hospitalis
633 2857 847 2922 commodius
881 2856 1133 2933 convertendis,
1170 2855 1205 2919 in
1239 2853 1398 2938 predicto

233 2949 397 3034 hospitali
414 2969 450 3014 se
468 2949 621 3033 recipiat,
641 2955 676 3013 et
694 2955 850 3033 uterque,
869 2949 952 3032 ipse,
971 2948 1143 3024 videlicet,
1162 2953 1197 3011 et
1216 2967 1305 3012 uxor
1322 2946 1399 3032 ejus

234 3042 400 3127 predicta,
425 3062 488 3106 suo
511 3048 679 3126 perpetuo
702 3042 845 3106 honeste
869 3041 954 3105 inibi
977 3046 1224 3105 conversentur
1247 3059 1310 3123 pro
1334 3059 1399 3104 suo

234 3133 451 3218 beneplacito
489 3140 524 3198 et
562 3140 750 3210 morentur,
791 3154 831 3198 ac
869 3133 960 3197 idem
1000 3132 1185 3209 Gilbertus
1226 3137 1399 3215 tanquam

235 3226 495 3291 administrator
513 3246 573 3290 seu
591 3232 793 3310 procurator
810 3225 991 3310 hospitalis
1009 3225 1175 3310 ejusdem,
1195 3223 1237 3288 de
1255 3222 1399 3287 consilio

235 3317 391 3403 magistri
413 3318 473 3401 qui
496 3339 558 3402 pro
580 3324 735 3403 tempore
758 3318 872 3394 fuerit,
896 3318 1019 3381 domus
1041 3316 1183 3401 negocia
1205 3316 1401 3380 extrinseca

236 3417 332 3496 regat
350 3409 481 3475 utiliter
497 3417 532 3475 et
549 3416 708 3495 procuret
724 3433 731 3488 ;
765 3410 903 3493 proviso
920 3410 1014 3493 quod
1031 3428 1213 3473 commune
1229 3407 1399 3493 magistri,

236 3503 343 3588 ipsius
367 3501 420 3580 G„
445 3509 480 3567 et
504 3502 620 3567 uxoris
643 3503 786 3587 prefate,
812 3501 991 3566 consilium
1014 3501 1050 3566 in
1073 3501 1234 3566 omnibus
1258 3499 1400 3585 agendis

237 3595 422 3661 conveniat
445 3595 660 3660 concorditer
683 3601 717 3660 et
742 3600 933 3659 concurrat.
981 3593 1151 3670 Ceterum,
1177 3593 1285 3658 altero
1310 3591 1400 3676 ipso-

239 3708 315 3753 rum
332 3688 519 3773 conjugum
535 3688 570 3752 in
587 3689 662 3752 fata
678 3687 901 3772 postmodum
918 3686 1132 3763 decedentel,
1150 3685 1210 3769 qui
1227 3690 1401 3770 superstes

239 3781 354 3857 fuerit,
379 3775 547 3864 quamdiu
570 3786 663 3845 caste
687 3780 823 3856 vixerit,
848 3779 977 3844 ibidem
1000 3778 1094 3843 licite
1114 3798 1247 3842 moram
1268 3777 1398 3842 trahat.

240 3873 276 3938 Si
301 3892 383 3937 vero
409 3873 454 3937 ad
480 3873 548 3937 alia
573 3879 658 3937 vota
682 3871 856 3956 nupcialia
882 3870 1068 3947 transierit,
1096 3869 1234 3934 recedat
1260 3868 1401 3954 penitus

239 3965 339 4030 bonis
353 3964 423 4029 suis
438 3964 597 4029 omnibus
612 3984 715 4049 penes
730 3964 933 4048 magistrum
948 3962 1128 4047 hospitalis
1143 3961 1402 4026 remanentibus

240 4057 396 4122 totaliter
415 4062 450 4121 et
469 4055 605 4121 relictis
653 4056 764 4140 Quod,
785 4056 935 4139 quidem,
957 4056 999 4120 de
1018 4055 1118 4119 bonis
1136 4054 1209 4118 fieri
1227 4053 1400 4130 volumus

241 4155 281 4214 ut
301 4169 405 4233 penes
425 4148 595 4233 hospitale
616 4148 799 4225 resideant,
821 4148 849 4211 si
870 4147 986 4212 forsan
1006 4147 1111 4211 iidem
1132 4147 1294 4230 conjuges
1315 4145 1402 4210 alias

242 4241 286 4306 ab
321 4241 441 4305 eodem
477 4241 630 4305 recedere
665 4240 837 4305 voluerint
872 4245 907 4303 et
942 4239 1023 4303 alibi
1058 4239 1262 4303 conversari.
1310 4237 1404 4302 Huic

243 4339 360 4397 autem
374 4339 491 4397 nostre
505 4332 726 4409 ordinacioni,
743 4331 983 4397 assistentibus
997 4331 1187 4414 fidedignis,
1204 4351 1224 4394 a
1238 4329 1404 4415 magistro

244 4424 424 4509 hospitalis
442 4424 598 4509 predicti,
619 4424 672 4501 G„
692 4430 727 4488 et
747 4424 913 4500 Beatrice‚
934 4443 1040 4487 uxore
1059 4421 1224 4506 ejusdem,
1244 4426 1403 4507 accepta-

621 4541 790 4589 mandentes
804 4555 840 4588 on
853 4541 923 4588 both
937 4540 1026 4588 folios.
