2994 4996
232 501 290 563 142
341 499 408 545 THE
430 498 593 545 REGISTER
614 499 656 544 OF
678 497 888 544 ARCHBISHOP
909 496 1057 542 WILLI'AM
1080 496 1281 543 WICKWANE.

66 658 200 760 ffigngupt
230 677 337 741 quam
361 656 575 721 confratrum
610 675 829 739 quacumque
854 653 1030 718 occasione
1065 653 1121 718 vel
1145 675 1250 720 causa
1274 676 1390 721 neces·

66 761 134 801 alone·
230 748 319 814 saria
344 755 463 833 portas
488 746 687 812 monasterii
713 752 824 823 exeat,
851 745 916 810 nisi
941 766 1130 830 congruum
1155 746 1284 812 habeat
1310 769 1390 813 con-

231 846 356 906 testem
383 845 504 904 contra
532 839 641 923 plebis
668 838 869 903 scandalum
896 837 968 901 vite
996 857 1066 902 sue.
1114 838 1325 919 [Desidiosos
1353 847 1388 905 et

66 910 100 1000 1¹3¹
101 922 205 1001 {nim
231 932 368 997 inutiles
387 931 579 1007 canonicos,
598 951 685 1015 quos
703 931 739 994 in
757 929 944 993 infirmaria
962 929 1088 993 morari
1106 931 1299 1015 contigerit,
1319 952 1389 996 non

66 1012 195 1101 mh?
231 1030 270 1088 ut
287 1023 479 1100 canonicos
498 1029 549 1087 set
566 1022 670 1087 velud
687 1042 854 1106 pauperes
870 1027 905 1085 et
922 1027 1114 1099 extraneos
1133 1021 1175 1086 de
1192 1022 1387 1101 elemosina,

66 1122 197 1162 ΨΜ·
231 1116 360 1199 absque
382 1114 599 1179 incommodo
621 1121 656 1178 et
678 1134 778 1178 onere
800 1113 1009 1190 monasterii,
1032 1113 1239 1198 precipimus
1260 1115 1388 1179 medio-

67 1262 196 1302 1nmatesor
230 1208 332 1272 criter
354 1206 517 1283 exhiberi,
542 1206 636 1291 quod
658 1205 767 1269 menti
790 1211 825 1269 et
848 1205 1010 1268 memorie
1033 1205 1154 1288 prioris
1177 1206 1388 1291 injungimus

67 1312 216 1401 thethfarffly·
229 1299 357 1383 jugiter
393 1298 600 1383 applicari]1.
648 1297 793 1381 Jugiter,
818 1296 937 1373 eciam,
962 1303 1147 1380 precaveat
1185 1304 1220 1362 et
1258 1299 1387 1383 cogitet

65 1367 203 1462 &lira
230 1391 450 1468 meditanter,
468 1389 532 1455 sub
552 1389 651 1454 ruina
667 1389 816 1453 nominis
837 1388 900 1466 sui,
919 1409 962 1452 ne
979 1388 1164 1472 quisquam
1181 1391 1387 1454 concanoni-

66 1463 178 1564 birine
230 1503 348 1548 corum
372 1482 427 1546 vel
452 1483 610 1559 fratrum,
636 1481 811 1545 infirmum
835 1500 870 1545 se
895 1479 1102 1564 confingens,
1127 1481 1163 1545 in
1188 1481 1385 1560 infirmaria,

229 1574 284 1638 vel
302 1573 383 1638 alibi
401 1573 436 1639 in
453 1574 529 1638 loco
546 1572 731 1650 solaminis,
751 1572 969 1656 aliquatenus
987 1572 1182 1652 collocetur,
1201 1580 1264 1651 set,
1283 1574 1387 1638 velud

229 1666 422 1730 membrum
453 1665 649 1749 discrepans
679 1671 714 1729 et
744 1664 900 1742 informe,
932 1686 953 1728 a
983 1665 1157 1729 consorcio
1188 1671 1222 1730 et
1253 1665 1387 1730 solaciis

229 1758 421 1842 expellatur
449 1764 483 1822 et
500 1757 535 1821 in
552 1757 716 1821 arciorem
733 1756 926 1820 custodiam
943 1756 1159 1835 detrudatur,
1177 1778 1231 1835 ne,
1249 1764 1386 1842 torpore

228 1850 283 1914 vel
317 1850 391 1914 ocio
424 1854 617 1933 soporatus
653 1848 812 1913 demonio
845 1848 901 1912 vel
934 1848 1131 1913 horroribus
1163 1869 1199 1913 se
1233 1855 1384 1934 coaptet.

64 1965 206 2026 rwounons
229 1941 450 2026 Precipimus,
483 1941 602 2017 eciam,
635 1939 729 2024 quod
760 1946 947 2024 postquam
979 1939 1153 2005 Robertus
1184 1941 1226 2005 de
1258 1940 1386 2006 Sancto

63 2016 158 2115 iffi„
170 2070 194 2105 ,ο
229 2033 371 2098 Botulfo
390 2040 424 2098 et
445 2033 567 2097 Petrus
587 2032 629 2096 de
649 2032 795 2097 Retford
814 2032 849 2096 in
868 2031 1092 2096 infirmariam
1111 2053 1146 2097 se
1165 2033 1385 2111 contulerint,

63 2116 215 2206 ffiffilff
228 2125 322 2190 nullo
333 2125 437 2190 modo
449 2130 573 2189 exeant
585 2124 633 2188 sic
644 2123 795 2208 ingressi,
808 2130 997 2207 antequam
1009 2130 1200 2188 ceterorum
1211 2125 1386 2189 consorcio

228 2216 384 2282 absolute
414 2217 641 2281 concesserint
671 2216 834 2293 inherere,
865 2222 900 2280 et
929 2215 994 2280 hoc
1023 2215 1117 2281 nullo
1146 2237 1228 2281 casu
1257 2217 1386 2281 mutari

227 2309 433 2394 precipimus
457 2309 512 2373 vel
536 2308 684 2392 infringi.
732 2307 967 2385 Prohibemus,
993 2308 1112 2385 eciam,
1137 2328 1180 2372 ne
1205 2308 1318 2373 Adam
1343 2308 1385 2373 de

64 2416 167 2458 Adamor
229 2400 436 2478 Roderham,
465 2420 575 2485 nuper
601 2399 791 2477 celerarius,
821 2406 920 2463 extra
947 2405 1046 2484 septa
1074 2400 1272 2465 monasterii
1300 2421 1384 2484 qua-

65 2468 204 2517 Rotherham,

64 2518 203 2567 treunam,
227 2513 374 2576 cumque
396 2493 532 2556 racione
554 2491 609 2555 vel
631 2512 734 2556 causa
756 2497 856 2555 exeat
879 2491 1058 2569 decetero;
1102 2498 1155 2556 set
1177 2492 1327 2556 claustro
1349 2498 1383 2557 et

63 2570 201 2668 lilith,
226 2585 412 2649 conventui
432 2584 595 2649 adhereat
615 2583 789 2659 continu0,
811 2583 919 2647 donec
938 2583 1031 2647 aliud
1051 2583 1322 2649 ordinaverimus
1342 2583 1384 2648 de

62 2668 105 2708 ³¹¹⁶
118 2668 146 2709 ‘¹⁰
226 2677 357 2753 eodem,
385 2677 436 2741 ita
462 2676 556 2760 quod
582 2695 644 2759 pro
671 2675 852 2739 commisso
881 2674 1032 2756 [slcelere
1059 2682 1094 2740 et
1121 2675 1383 2740 deformacionis

23 2771 27 2773 b
62 2730 163 2769 peuanoe.

225 2768 409 2852 obprobrio
424 2767 654 2853 penitenciam
668 2768 791 2832 subeat
806 2768 909 2852 juxta
923 2787 1102 2831 censuram
1118 2767 1231 2851 regule
1246 2767 1383 2831 interim
1474 2816 1476 2821 .

60 2869 194 2970 ffiffiyw
226 2860 422 2925 salutarem.
481 2859 650 2936 Infirmos,
668 2866 797 2936 autem,
814 2865 849 2923 et
865 2878 944 2922 vere
959 2858 1161 2944 languentes
1177 2859 1383 2944 precipimus

61 2969 152 3010 treated.
225 2951 384 3037 deinceps
395 2952 535 3017 suavius
545 2950 646 3016 solito
663 2957 698 3015 et
709 2950 893 3015 humanius
903 2951 1116 3035 pertractari.
1147 2951 1382 3028 Prohibemus,

60 3069 169 3120 varrum
225 3044 373 3127 insuper,
399 3044 434 3108 in
458 3043 588 3108 virtute
612 3050 730 3107 sancte
755 3042 951 3107 devocionis
975 3050 1009 3106 et
1034 3043 1241 3120 obediencie,
1267 3043 1383 3107 omnia

60 3121 180 3213 iffi„
225 3135 363 3201 sinistra
386 3143 421 3200 et
445 3141 605 3219 suspecta
639 3134 878 3219 parliamenta,
912 3154 979 3218 que
1013 3135 1188 3200 honestati
1212 3141 1246 3199 et
1269 3135 1382 3220 regule

224 3248 293 3292 non
317 3227 538 3305 conveniunt,
562 3227 597 3290 in
620 3226 741 3311 prioris
764 3226 933 3303 absencia,
958 3225 1014 3290 vel
1037 3226 1145 3292 eciam
1167 3226 1381 3311 presidentis.

59 3324 202 3426 {affingi
224 3321 282 3397 Et,
303 3340 346 3384 ne
366 3320 518 3385 corredia
538 3319 694 3383 decetero
715 3318 844 3402 absque
864 3338 968 3383 causa
991 3319 1180 3383 necessaria
1200 3340 1240 3383 ac
1260 3339 1382 3404 appro-

60 3426 172 3475 ωποᾱῑω,
224 3412 366 3477 bacione
378 3419 497 3476 nostra
508 3431 648 3495 quoquo
660 3430 742 3475 casu
754 3410 1002 3487 distrahantur,
1016 3411 1247 3494 prohibemus,
1261 3411 1380 3487 eciam,

60 3486 89 3515 no
98 3487 167 3516 (2110ss
179 3480 202 3516 lo

60 3526 160 3586 urana·
224 3503 288 3568 sub
311 3503 545 3568 obtestacione
568 3502 676 3566 divini
697 3502 827 3587 judicii,
851 3522 893 3566 ne
916 3501 1039 3586 aliquis
1061 3503 1304 3567 canonicorum
1325 3503 1381 3567 vel

59 3575 123 3675 {leli
133 3576 186 3616 ”¹⁰¹
198 3588 210 3615 ³
224 3596 371 3660 fratrum
388 3616 467 3660 cum
484 3594 599 3679 aliquo
618 3601 783 3658 extraneo
799 3594 935 3678 hospite
952 3594 1006 3658 vel
1023 3594 1107 3659 alias
1124 3594 1283 3659 benivolo
1300 3602 1380 3679 post

201 3687 486 3772 ‘completorium
522 3686 717 3768 la[s]civiet,
755 3686 925 3763 comedat,
964 3687 1018 3751 vel
1041 3687 1150 3765 bibat,
1188 3686 1253 3751 nisi
1289 3687 1382 3770 prior

59 3826 205 3867 sum„
223 3778 359 3844 affuerit
404 3799 483 3844 cum
530 3778 668 3843 eisdem.
715 3777 907 3857 Silentium,
941 3785 1069 3856 autem,
1103 3778 1302 3863 regulariter
1346 3784 1380 3842 et

58 3871 379 3969 ggfflmtsanccius
417 3871 518 3936 solito
556 3870 764 3956 precipimus
802 3870 987 3947 observari,
1019 3877 1058 3935 ut
1097 3869 1214 3955 regula
1252 3870 1380 3935 reccius

59 3978 147 4018 rasted-
224 3963 418 4048 reguletur;
494 3962 715 4047 prohibentes
762 3982 804 4025 ne
852 3962 1036 4026 elemosina
1085 3963 1243 4046 amplius
1291 3962 1379 4027 sicut

58 4076 132 4138 cury
224 4056 400 4132 hactenus,
419 4060 652 4119 consumatur.
700 4052 888 4118 Onerosam
906 4059 941 4117 et
958 4053 1115 4118 inutilem
1132 4055 1380 4120 confluenciam

57 4128 178 4218 libila.
222 4166 518 4231 quorumcumque
535 4145 695 4230 deinceps
712 4144 867 4209 totaliter
882 4145 1086 4210 inhibemus.
1150 4147 1378 4232 InjungimuS,

58 4253 208 4344 {lmfflssg'ssgtg‘}
222 4239 341 4316 eciam,
366 4238 480 4324 priori,
505 4239 540 4302 in
563 4238 693 4302 virtute
717 4237 935 4322 professionis
958 4257 1029 4314 sue,
1053 4238 1147 4322 quod
1170 4237 1379 4302 Willelmum

58 4353 118 4393 tore
221 4330 393 4408 Selliman,
418 4330 478 4414 qui
502 4329 634 4394 rebellis
658 4335 721 4406 est,
756 4327 1002 4413 incorrigibilis,
1027 4335 1063 4394 et
1086 4329 1230 4407 rixosus
1254 4329 1378 4395 fratres

56 4402 169 4517 ,ΜΨ
220 4421 429 4488 Willelmum
450 4422 492 4487 de
513 4420 626 4486 Grave
646 4427 681 4485 et
702 4419 891 4485 Henricum
912 4419 954 4484 de
976 4421 1163 4498 Marcham,
1184 4441 1377 4499 conversos,

460 4535 471 4568 ¹
482 4535 565 4585 From
579 4536 627 4584 the
639 4535 694 4584 end
707 4534 738 4584 of
750 4534 806 4585 this
819 4539 902 4599 entry
914 4548 951 4584 on
964 4534 1035 4584 both
1047 4535 1135 4586 folios.
