<?xml version="1.0" encoding="UTF-8"?>
<!DOCTYPE html PUBLIC "-//W3C//DTD XHTML 1.0 Transitional//EN"
    "http://www.w3.org/TR/xhtml1/DTD/xhtml1-transitional.dtd">
<html xmlns="http://www.w3.org/1999/xhtml" xml:lang="en" lang="en">
 <head>
  <title>
</title>
<meta http-equiv="Content-Type" content="text/html;charset=utf-8" />
  <meta name='ocr-system' content='tesseract 3.04.00' />
  <meta name='ocr-capabilities' content='ocr_page ocr_carea ocr_par ocr_line ocrx_word'/>
</head>
<body>
  <div class='ocr_page' id='page_1' title='image "./registerwilliam00wickgoog_0332.png"; bbox 0 0 823 1331; ppageno 0'>
   <div class='ocr_carea' id='block_1_1' title="bbox 141 154 671 171">
    <p class='ocr_par' dir='ltr' id='par_1_1' title="bbox 141 154 671 171">
     <span class='ocr_line' id='line_1_1' title="bbox 141 154 671 171; baseline 0.002 -5"><span class='ocrx_word' id='word_1_1' title='bbox 141 155 175 166; x_wconf 80' lang='grc' dir='ltr'>ἰἪΕ</span> <span class='ocrx_word' id='word_1_2' title='bbox 186 155 268 167; x_wconf 67' lang='lat' dir='ltr'>REGISTER</span> <span class='ocrx_word' id='word_1_3' title='bbox 279 156 299 167; x_wconf 63' lang='grc' dir='ltr'>οῖ</span> <span class='ocrx_word' id='word_1_4' title='bbox 310 156 416 167; x_wconf 64' lang='lat' dir='ltr'>ARCHElsnor</span> <span class='ocrx_word' id='word_1_5' title='bbox 426 156 500 167; x_wconf 61' lang='lat' dir='ltr'>vvir-um</span> <span class='ocrx_word' id='word_1_6' title='bbox 511 156 612 167; x_wconf 71' lang='lat' dir='ltr'>WiCKWANE.</span> <span class='ocrx_word' id='word_1_7' title='bbox 641 154 671 171; x_wconf 75' lang='lat'>245</span> 
     </span>
    </p>
   </div>
   <div class='ocr_carea' id='block_1_2' title="bbox 91 193 752 767">
    <p class='ocr_par' dir='ltr' id='par_1_2' title="bbox 91 193 672 261">
     <span class='ocr_line' id='line_1_2' title="bbox 91 193 672 215; baseline 0.002 -6"><span class='ocrx_word' id='word_1_8' title='bbox 91 193 191 214; x_wconf 79' lang='lat' dir='ltr'>hujusmodi</span> <span class='ocrx_word' id='word_1_9' title='bbox 204 193 222 209; x_wconf 88' lang='lat' dir='ltr'>in</span> <span class='ocrx_word' id='word_1_10' title='bbox 236 199 288 210; x_wconf 86' lang='lat' dir='ltr'>causa</span> <span class='ocrx_word' id='word_1_11' title='bbox 302 194 336 213; x_wconf 84' lang='lat' dir='ltr'>illa,</span> <span class='ocrx_word' id='word_1_12' title='bbox 350 199 385 210; x_wconf 86' lang='lat' dir='ltr'>non</span> <span class='ocrx_word' id='word_1_13' title='bbox 399 194 480 210; x_wconf 81' lang='lat' dir='ltr'>obstante</span> <span class='ocrx_word' id='word_1_14' title='bbox 494 194 542 210; x_wconf 77' lang='lat' dir='ltr'>dieta</span> <span class='ocrx_word' id='word_1_15' title='bbox 555 194 672 215; x_wconf 78' lang='lat' dir='ltr'>prohibicione</span> 
     </span>
     <span class='ocr_line' id='line_1_3' title="bbox 91 216 671 238; baseline 0.002 -6"><span class='ocrx_word' id='word_1_16' title='bbox 91 216 142 237; x_wconf 85' lang='lat' dir='ltr'>regia,</span> <span class='ocrx_word' id='word_1_17' title='bbox 161 216 250 237; x_wconf 66' lang='lat' dir='ltr'>procedat,</span> <span class='ocrx_word' id='word_1_18' title='bbox 274 217 320 233; x_wconf 87' lang='lat' dir='ltr'>Bene</span> <span class='ocrx_word' id='word_1_19' title='bbox 338 217 396 233; x_wconf 88' lang='lat' dir='ltr'>valeat</span> <span class='ocrx_word' id='word_1_20' title='bbox 415 217 511 238; x_wconf 83' lang='lat' dir='ltr'>paternitas</span> <span class='ocrx_word' id='word_1_21' title='bbox 529 218 588 233; x_wconf 61' lang='lat' dir='ltr'>vestra</span> <span class='ocrx_word' id='word_1_22' title='bbox 606 217 636 233; x_wconf 93' lang='lat' dir='ltr'>diu</span> <span class='ocrx_word' id='word_1_23' title='bbox 654 217 671 233; x_wconf 88' lang='lat' dir='ltr'>in</span> 
     </span>
     <span class='ocr_line' id='line_1_4' title="bbox 91 239 414 261; baseline 0.003 -6"><span class='ocrx_word' id='word_1_24' title='bbox 91 239 166 255; x_wconf 88' lang='lat' dir='ltr'>Domino</span> <span class='ocrx_word' id='word_1_25' title='bbox 176 241 194 255; x_wconf 92' lang='lat' dir='ltr'>et</span> <span class='ocrx_word' id='word_1_26' title='bbox 203 244 234 260; x_wconf 88' lang='lat' dir='ltr'>per</span> <span class='ocrx_word' id='word_1_27' title='bbox 244 242 323 261; x_wconf 90' lang='lat' dir='ltr'>tempora</span> <span class='ocrx_word' id='word_1_28' title='bbox 332 240 414 261; x_wconf 80' lang='lat' dir='ltr'>longiora.</span> 
     </span>
    </p>

    <p class='ocr_par' dir='ltr' id='par_1_3' title="bbox 91 262 752 721">
     <span class='ocr_line' id='line_1_5' title="bbox 113 262 750 289; baseline 0.002 -11"><span class='ocrx_word' id='word_1_29' title='bbox 113 262 150 279; x_wconf 83' lang='lat'>602.</span> <span class='ocrx_word' id='word_1_30' title='bbox 174 262 245 279; x_wconf 81' lang='lat' dir='ltr'>6nonas</span> <span class='ocrx_word' id='word_1_31' title='bbox 257 263 296 279; x_wconf 88' lang='lat' dir='ltr'>Oct</span> <span class='ocrx_word' id='word_1_32' title='bbox 309 263 439 283; x_wconf 79' lang='lat' dir='ltr'>(Oct.2,128o).</span> <span class='ocrx_word' id='word_1_33' title='bbox 463 263 574 279; x_wconf 80' lang='lat' dir='ltr'>Dnnecastre.</span> <span class='ocrx_word' id='word_1_34' title='bbox 593 263 750 289; x_wconf 47' lang='lat' dir='ltr'>Veneta-ffifflto</span> 
     </span>
     <span class='ocr_line' id='line_1_6' title="bbox 91 285 752 315; baseline 0 -14"><span class='ocrx_word' id='word_1_35' title='bbox 91 285 126 311; x_wconf 84' lang='lat' dir='ltr'>bili,</span> <span class='ocrx_word' id='word_1_36' title='bbox 136 287 175 305; x_wconf 60' lang='lat' dir='ltr'>etc„</span> <span class='ocrx_word' id='word_1_37' title='bbox 185 285 217 304; x_wconf 84' lang='lat' dir='ltr'>W.,</span> <span class='ocrx_word' id='word_1_38' title='bbox 227 285 260 302; x_wconf 66' lang='lat' dir='ltr'>Dei</span> <span class='ocrx_word' id='word_1_39' title='bbox 269 286 331 307; x_wconf 77' lang='lat' dir='ltr'>gracia,</span> <span class='ocrx_word' id='word_1_40' title='bbox 341 288 379 305; x_wconf 87' lang='lat' dir='ltr'>etc.,</span> <span class='ocrx_word' id='word_1_41' title='bbox 389 291 430 302; x_wconf 84' lang='lat' dir='ltr'>suus</span> <span class='ocrx_word' id='word_1_42' title='bbox 439 286 467 305; x_wconf 96' lang='lat' dir='ltr'>R.</span> <span class='ocrx_word' id='word_1_43' title='bbox 476 286 543 302; x_wconf 86' lang='lat' dir='ltr'>Eadem</span> <span class='ocrx_word' id='word_1_44' title='bbox 552 286 609 307; x_wconf 83' lang='lat' dir='ltr'>gracia</span> <span class='ocrx_word' id='word_1_45' title='bbox 618 286 672 302; x_wconf 79' lang='lat' dir='ltr'>Bath-</span> <span class='ocrx_word' id='word_1_46' title='bbox 678 290 752 315; x_wconf 44' lang='lat' dir='ltr'>mgis&amp;-</span> 
     </span>
     <span class='ocr_line' id='line_1_7' title="bbox 92 299 736 328; baseline 0.002 -4"><span class='ocrx_word' id='word_1_47' title='bbox 92 308 166 325; x_wconf 82' lang='lat' dir='ltr'>oniensis</span> <span class='ocrx_word' id='word_1_48' title='bbox 178 310 196 324; x_wconf 84' lang='lat' dir='ltr'>et</span> <span class='ocrx_word' id='word_1_49' title='bbox 209 308 298 325; x_wconf 84' lang='lat' dir='ltr'>Wellensis</span> <span class='ocrx_word' id='word_1_50' title='bbox 311 309 420 325; x_wconf 86' lang='lat' dir='ltr'>ecclesiarum</span> <span class='ocrx_word' id='word_1_51' title='bbox 432 299 511 325; x_wconf 80' lang='lat' dir='ltr'><strong>minister</strong></span> <span class='ocrx_word' id='word_1_52' title='bbox 523 309 598 328; x_wconf 86' lang='lat' dir='ltr'>humilis,</span> <span class='ocrx_word' id='word_1_53' title='bbox 612 306 689 325; x_wconf 75' lang='lat' dir='ltr'>salutism</span> <span class='ocrx_word' id='word_1_54' title='bbox 679 306 736 325; x_wconf 58' lang='lat' dir='ltr'>„murra</span> 
     </span>
     <span class='ocr_line' id='line_1_8' title="bbox 92 328 741 353; baseline 0.002 -6"><span class='ocrx_word' id='word_1_55' title='bbox 92 331 182 352; x_wconf 89' lang='lat' dir='ltr'>utriusque</span> <span class='ocrx_word' id='word_1_56' title='bbox 197 332 272 352; x_wconf 76' lang='lat' dir='ltr'>graciam</span> <span class='ocrx_word' id='word_1_57' title='bbox 287 332 371 353; x_wconf 81' lang='lat' dir='ltr'>presentis</span> <span class='ocrx_word' id='word_1_58' title='bbox 386 334 403 348; x_wconf 85' lang='lat' dir='ltr'>et</span> <span class='ocrx_word' id='word_1_59' title='bbox 419 332 482 348; x_wconf 76' lang='lat' dir='ltr'>future.</span> <span class='ocrx_word' id='word_1_60' title='bbox 506 332 602 348; x_wconf 79' lang='lat' dir='ltr'>Mandastis</span> <span class='ocrx_word' id='word_1_61' title='bbox 617 328 741 353; x_wconf 51' lang='grc' dir='ltr'>ηοδίεῆἑηῃψ,</span> 
     </span>
     <span class='ocr_line' id='line_1_9' title="bbox 93 353 749 376; baseline 0.002 -6"><span class='ocrx_word' id='word_1_62' title='bbox 93 356 142 375; x_wconf 81' lang='lat' dir='ltr'>pater</span> <span class='ocrx_word' id='word_1_63' title='bbox 153 354 247 374; x_wconf 78' lang='lat' dir='ltr'>karissime,</span> <span class='ocrx_word' id='word_1_64' title='bbox 259 355 306 376; x_wconf 81' lang='lat' dir='ltr'>quod</span> <span class='ocrx_word' id='word_1_65' title='bbox 318 355 400 376; x_wconf 86' lang='lat' dir='ltr'>quicquid</span> <span class='ocrx_word' id='word_1_66' title='bbox 411 357 515 376; x_wconf 83' lang='lat' dir='ltr'>patronatus</span> <span class='ocrx_word' id='word_1_67' title='bbox 526 355 577 371; x_wconf 81' lang='lat' dir='ltr'>Beati</span> <span class='ocrx_word' id='word_1_68' title='bbox 588 354 694 375; x_wconf 64' lang='lat' dir='ltr'>Leonardim,</span> <span class='ocrx_word' id='word_1_69' title='bbox 680 353 713 365; x_wconf 53' lang='lat' dir='ltr'>‘&#39;m‘-</span> <span class='ocrx_word' id='word_1_70' title='bbox 720 354 749 363; x_wconf 62' lang='lat'>“¹¹⁵⁸</span> 
     </span>
     <span class='ocr_line' id='line_1_10' title="bbox 92 377 730 401; baseline 0 -8"><span class='ocrx_word' id='word_1_71' title='bbox 92 377 205 394; x_wconf 84' lang='lat' dir='ltr'>Eboracensis</span> <span class='ocrx_word' id='word_1_72' title='bbox 219 377 256 398; x_wconf 85' lang='lat' dir='ltr'>jam</span> <span class='ocrx_word' id='word_1_73' title='bbox 271 378 375 397; x_wconf 90' lang='lat' dir='ltr'>successerit,</span> <span class='ocrx_word' id='word_1_74' title='bbox 391 380 454 397; x_wconf 83' lang='lat' dir='ltr'>custos,</span> <span class='ocrx_word' id='word_1_75' title='bbox 470 380 535 397; x_wconf 83' lang='lat' dir='ltr'>tamen,</span> <span class='ocrx_word' id='word_1_76' title='bbox 550 378 577 394; x_wconf 90' lang='lat' dir='ltr'>vel</span> <span class='ocrx_word' id='word_1_77' title='bbox 591 378 720 401; x_wconf 67' lang='lat' dir='ltr'>magistermmn</span> <span class='ocrx_word' id='word_1_78' title='bbox 705 379 730 401; x_wconf 65' lang='lat' dir='ltr'>n}</span> 
     </span>
     <span class='ocr_line' id='line_1_11' title="bbox 92 400 737 426; baseline 0 -9"><span class='ocrx_word' id='word_1_79' title='bbox 92 401 162 420; x_wconf 82' lang='lat' dir='ltr'>ibidem,</span> <span class='ocrx_word' id='word_1_80' title='bbox 177 400 242 421; x_wconf 85' lang='lat' dir='ltr'>absque</span> <span class='ocrx_word' id='word_1_81' title='bbox 256 401 360 417; x_wconf 81' lang='lat' dir='ltr'>auctoritate</span> <span class='ocrx_word' id='word_1_82' title='bbox 374 403 438 420; x_wconf 88' lang='lat' dir='ltr'>vestra</span> <span class='ocrx_word' id='word_1_83' title='bbox 452 402 515 422; x_wconf 86' lang='lat' dir='ltr'>utpote</span> <span class='ocrx_word' id='word_1_84' title='bbox 529 401 621 422; x_wconf 79' lang='lat' dir='ltr'>dyocesani</span> <span class='ocrx_word' id='word_1_85' title='bbox 634 400 673 420; x_wconf 80' lang='lat' dir='ltr'>loci,</span> <span class='ocrx_word' id='word_1_86' title='bbox 680 403 737 426; x_wconf 49' lang='grc' dir='ltr'>πωπω</span> 
     </span>
     <span class='ocr_line' id='line_1_12' title="bbox 92 416 716 445; baseline 0 -6"><span class='ocrx_word' id='word_1_87' title='bbox 92 424 187 445; x_wconf 83' lang='lat' dir='ltr'>ingressum</span> <span class='ocrx_word' id='word_1_88' title='bbox 194 428 261 440; x_wconf 79' lang='lat' dir='ltr'>sumere</span> <span class='ocrx_word' id='word_1_89' title='bbox 268 430 303 440; x_wconf 88' lang='lat' dir='ltr'>non</span> <span class='ocrx_word' id='word_1_90' title='bbox 310 424 367 445; x_wconf 81' lang='lat' dir='ltr'>potuit</span> <span class='ocrx_word' id='word_1_91' title='bbox 375 424 402 441; x_wconf 87' lang='lat' dir='ltr'>vel</span> <span class='ocrx_word' id='word_1_92' title='bbox 409 424 478 443; x_wconf 81' lang='lat' dir='ltr'>habere,</span> <span class='ocrx_word' id='word_1_93' title='bbox 485 425 512 440; x_wconf 86' lang='lat' dir='ltr'>set</span> <span class='ocrx_word' id='word_1_94' title='bbox 519 424 569 440; x_wconf 80' lang='lat' dir='ltr'>vobis</span> <span class='ocrx_word' id='word_1_95' title='bbox 575 424 656 445; x_wconf 77' lang='lat' dir='ltr'>primitus</span> <span class='ocrx_word' id='word_1_96' title='bbox 663 429 674 439; x_wconf 83' lang='lat' dir='ltr'>a</span> <span class='ocrx_word' id='word_1_97' title='bbox 680 416 716 439; x_wconf 56' lang='lat'>„2²55</span> 
     </span>
     <span class='ocr_line' id='line_1_13' title="bbox 92 446 674 472; baseline 0 -9"><span class='ocrx_word' id='word_1_98' title='bbox 92 448 166 472; x_wconf 79' lang='lat' dir='ltr'>patrono</span> <span class='ocrx_word' id='word_1_99' title='bbox 182 446 239 466; x_wconf 80' lang='lat' dir='ltr'>debet,</span> <span class='ocrx_word' id='word_1_100' title='bbox 257 447 301 463; x_wconf 89' lang='lat' dir='ltr'>sicut</span> <span class='ocrx_word' id='word_1_101' title='bbox 318 447 359 463; x_wconf 85' lang='lat' dir='ltr'>alibi</span> <span class='ocrx_word' id='word_1_102' title='bbox 375 447 410 463; x_wconf 80' lang='lat' dir='ltr'>fieri</span> <span class='ocrx_word' id='word_1_103' title='bbox 427 447 495 466; x_wconf 84' lang='lat' dir='ltr'>assolet,</span> <span class='ocrx_word' id='word_1_104' title='bbox 512 447 613 468; x_wconf 83' lang='lat' dir='ltr'>presentari.</span> <span class='ocrx_word' id='word_1_105' title='bbox 636 446 674 468; x_wconf 78' lang='lat' dir='ltr'>Que</span> 
     </span>
     <span class='ocr_line' id='line_1_14' title="bbox 92 469 674 491; baseline 0 -5"><span class='ocrx_word' id='word_1_106' title='bbox 92 469 150 486; x_wconf 81' lang='lat' dir='ltr'>omnia</span> <span class='ocrx_word' id='word_1_107' title='bbox 163 469 249 486; x_wconf 86' lang='lat' dir='ltr'>credimus</span> <span class='ocrx_word' id='word_1_108' title='bbox 262 470 354 486; x_wconf 82' lang='lat' dir='ltr'>veritatem</span> <span class='ocrx_word' id='word_1_109' title='bbox 367 470 460 489; x_wconf 86' lang='lat' dir='ltr'>continere,</span> <span class='ocrx_word' id='word_1_110' title='bbox 474 472 546 491; x_wconf 79' lang='lat' dir='ltr'>propter</span> <span class='ocrx_word' id='word_1_111' title='bbox 558 470 606 491; x_wconf 86' lang='lat' dir='ltr'>quod</span> <span class='ocrx_word' id='word_1_112' title='bbox 618 474 674 491; x_wconf 83' lang='lat' dir='ltr'>nuper</span> 
     </span>
     <span class='ocr_line' id='line_1_15' title="bbox 93 492 674 519; baseline 0 -10"><span class='ocrx_word' id='word_1_113' title='bbox 93 493 110 509; x_wconf 86' lang='lat' dir='ltr'>in</span> <span class='ocrx_word' id='word_1_114' title='bbox 124 492 255 514; x_wconf 73' lang='lat' dir='ltr'>recuperacione</span> <span class='ocrx_word' id='word_1_115' title='bbox 268 493 311 519; x_wconf 78' lang='lat' dir='ltr'>juris</span> <span class='ocrx_word' id='word_1_116' title='bbox 324 495 428 514; x_wconf 77' lang='lat' dir='ltr'>patronatus</span> <span class='ocrx_word' id='word_1_117' title='bbox 441 493 520 514; x_wconf 85' lang='lat' dir='ltr'>ejusdem</span> <span class='ocrx_word' id='word_1_118' title='bbox 533 493 604 509; x_wconf 87' lang='lat' dir='ltr'>domino</span> <span class='ocrx_word' id='word_1_119' title='bbox 614 494 674 509; x_wconf 85' lang='lat' dir='ltr'>nostro</span> 
     </span>
     <span class='ocr_line' id='line_1_16' title="bbox 93 515 674 542; baseline 0.002 -11"><span class='ocrx_word' id='word_1_120' title='bbox 93 515 128 537; x_wconf 83' lang='lat' dir='ltr'>regi</span> <span class='ocrx_word' id='word_1_121' title='bbox 141 517 159 532; x_wconf 90' lang='lat' dir='ltr'>et</span> <span class='ocrx_word' id='word_1_122' title='bbox 172 515 241 532; x_wconf 78' lang='lat' dir='ltr'>domine</span> <span class='ocrx_word' id='word_1_123' title='bbox 260 516 316 542; x_wconf 79' lang='lat' dir='ltr'>regine</span> <span class='ocrx_word' id='word_1_124' title='bbox 334 516 376 532; x_wconf 86' lang='lat' dir='ltr'>satis</span> <span class='ocrx_word' id='word_1_125' title='bbox 385 516 499 537; x_wconf 76' lang='lat' dir='ltr'>expressimus</span> <span class='ocrx_word' id='word_1_126' title='bbox 515 516 611 535; x_wconf 70' lang='lat' dir='ltr'>manifeste,</span> <span class='ocrx_word' id='word_1_127' title='bbox 627 515 674 537; x_wconf 86' lang='lat' dir='ltr'>quod</span> 
     </span>
     <span class='ocr_line' id='line_1_17' title="bbox 93 538 674 565; baseline 0 -10"><span class='ocrx_word' id='word_1_128' title='bbox 93 539 110 555; x_wconf 83' lang='lat' dir='ltr'>in</span> <span class='ocrx_word' id='word_1_129' title='bbox 126 538 256 560; x_wconf 78' lang='lat' dir='ltr'>recuperacione</span> <span class='ocrx_word' id='word_1_130' title='bbox 266 539 311 565; x_wconf 72' lang='lat' dir='ltr'>juris</span> <span class='ocrx_word' id='word_1_131' title='bbox 322 539 367 555; x_wconf 86' lang='lat' dir='ltr'>illius</span> <span class='ocrx_word' id='word_1_132' title='bbox 376 539 415 560; x_wconf 89' lang='lat' dir='ltr'>plus</span> <span class='ocrx_word' id='word_1_133' title='bbox 426 539 473 555; x_wconf 86' lang='lat' dir='ltr'>dicto</span> <span class='ocrx_word' id='word_1_134' title='bbox 486 539 556 555; x_wconf 86' lang='lat' dir='ltr'>domino</span> <span class='ocrx_word' id='word_1_135' title='bbox 568 540 627 555; x_wconf 83' lang='lat' dir='ltr'>nostro</span> <span class='ocrx_word' id='word_1_136' title='bbox 639 538 674 560; x_wconf 80' lang='lat' dir='ltr'>regi</span> 
     </span>
     <span class='ocr_line' id='line_1_18' title="bbox 93 561 675 583; baseline 0 -5"><span class='ocrx_word' id='word_1_137' title='bbox 93 561 205 578; x_wconf 80' lang='lat' dir='ltr'>credebamus</span> <span class='ocrx_word' id='word_1_138' title='bbox 222 562 278 578; x_wconf 84' lang='lat' dir='ltr'>oneris</span> <span class='ocrx_word' id='word_1_139' title='bbox 295 562 402 581; x_wconf 83' lang='lat' dir='ltr'>accrevisse,l</span> <span class='ocrx_word' id='word_1_140' title='bbox 421 567 473 583; x_wconf 86' lang='lat' dir='ltr'>quam</span> <span class='ocrx_word' id='word_1_141' title='bbox 490 562 523 578; x_wconf 88' lang='lat' dir='ltr'>sibi</span> <span class='ocrx_word' id='word_1_142' title='bbox 542 561 628 578; x_wconf 85' lang='lat' dir='ltr'>commodi</span> <span class='ocrx_word' id='word_1_143' title='bbox 647 561 675 578; x_wconf 80' lang='lat' dir='ltr'>vel</span> 
     </span>
     <span class='ocr_line' id='line_1_19' title="bbox 93 584 675 606; baseline 0 -5"><span class='ocrx_word' id='word_1_144' title='bbox 93 585 175 601; x_wconf 77' lang='lat' dir='ltr'>utilitatis</span> <span class='ocrx_word' id='word_1_145' title='bbox 198 585 294 601; x_wconf 82' lang='lat' dir='ltr'>accessisse.</span> <span class='ocrx_word' id='word_1_146' title='bbox 325 585 394 604; x_wconf 86' lang='lat' dir='ltr'>Verum,</span> <span class='ocrx_word' id='word_1_147' title='bbox 412 586 476 604; x_wconf 81' lang='lat' dir='ltr'>tamen,</span> <span class='ocrx_word' id='word_1_148' title='bbox 494 590 546 606; x_wconf 88' lang='lat' dir='ltr'>super</span> <span class='ocrx_word' id='word_1_149' title='bbox 565 584 675 601; x_wconf 83' lang='lat' dir='ltr'>ordinacione</span> 
     </span>
     <span class='ocr_line' id='line_1_20' title="bbox 93 607 675 629; baseline 0 -5"><span class='ocrx_word' id='word_1_150' title='bbox 93 607 184 629; x_wconf 65' lang='lat' dir='ltr'>hospitans</span> <span class='ocrx_word' id='word_1_151' title='bbox 208 607 286 628; x_wconf 76' lang='lat' dir='ltr'>ejusdem</span> <span class='ocrx_word' id='word_1_152' title='bbox 318 610 358 624; x_wconf 86' lang='lat' dir='ltr'>ante</span> <span class='ocrx_word' id='word_1_153' title='bbox 379 608 446 624; x_wconf 87' lang='lat' dir='ltr'>instans</span> <span class='ocrx_word' id='word_1_154' title='bbox 471 608 608 624; x_wconf 78' lang='lat' dir='ltr'>Parliamentum</span> <span class='ocrx_word' id='word_1_155' title='bbox 632 607 675 624; x_wconf 81' lang='lat' dir='ltr'>dicti</span> 
     </span>
     <span class='ocr_line' id='line_1_21' title="bbox 93 630 676 652; baseline 0 -5"><span class='ocrx_word' id='word_1_156' title='bbox 93 630 158 647; x_wconf 87' lang='lat' dir='ltr'>domini</span> <span class='ocrx_word' id='word_1_157' title='bbox 168 631 223 647; x_wconf 79' lang='lat' dir='ltr'>nostri</span> <span class='ocrx_word' id='word_1_158' title='bbox 231 632 274 652; x_wconf 80' lang='lat' dir='ltr'>regis</span> <span class='ocrx_word' id='word_1_159' title='bbox 281 631 333 648; x_wconf 87' lang='lat' dir='ltr'>nichil</span> <span class='ocrx_word' id='word_1_160' title='bbox 338 631 374 647; x_wconf 75' lang='lat' dir='ltr'>iore</span> <span class='ocrx_word' id='word_1_161' title='bbox 383 631 468 647; x_wconf 88' lang='lat' dir='ltr'>credimus</span> <span class='ocrx_word' id='word_1_162' title='bbox 476 631 601 650; x_wconf 84' lang='lat' dir='ltr'>innovandum,</span> <span class='ocrx_word' id='word_1_163' title='bbox 607 632 624 647; x_wconf 86' lang='lat' dir='ltr'>et</span> <span class='ocrx_word' id='word_1_164' title='bbox 632 632 676 647; x_wconf 81' lang='lat' dir='ltr'>tunc</span> 
     </span>
     <span class='ocr_line' id='line_1_22' title="bbox 94 654 676 675; baseline 0 -5"><span class='ocrx_word' id='word_1_165' title='bbox 94 659 125 675; x_wconf 87' lang='lat' dir='ltr'>pro</span> <span class='ocrx_word' id='word_1_166' title='bbox 135 655 184 670; x_wconf 81' lang='lat' dir='ltr'>statu</span> <span class='ocrx_word' id='word_1_167' title='bbox 194 655 253 670; x_wconf 84' lang='lat' dir='ltr'>vestro</span> <span class='ocrx_word' id='word_1_168' title='bbox 264 656 281 670; x_wconf 86' lang='lat' dir='ltr'>ct</span> <span class='ocrx_word' id='word_1_169' title='bbox 300 654 369 670; x_wconf 80' lang='lat' dir='ltr'>ecclesie</span> <span class='ocrx_word' id='word_1_170' title='bbox 383 656 440 670; x_wconf 82' lang='lat' dir='ltr'>vestre</span> <span class='ocrx_word' id='word_1_171' title='bbox 457 654 475 670; x_wconf 88' lang='lat' dir='ltr'>in</span> <span class='ocrx_word' id='word_1_172' title='bbox 488 654 522 670; x_wconf 79' lang='lat' dir='ltr'>hac</span> <span class='ocrx_word' id='word_1_173' title='bbox 535 655 585 675; x_wconf 84' lang='lat' dir='ltr'>parte</span> <span class='ocrx_word' id='word_1_174' title='bbox 597 654 676 670; x_wconf 78' lang='lat' dir='ltr'>laborare</span> 
     </span>
     <span class='ocr_line' id='line_1_23' title="bbox 94 676 675 698; baseline 0 -5"><span class='ocrx_word' id='word_1_175' title='bbox 94 677 179 696; x_wconf 81' lang='lat' dir='ltr'>volumus,</span> <span class='ocrx_word' id='word_1_176' title='bbox 188 678 208 693; x_wconf 95' lang='lat' dir='ltr'>ut</span> <span class='ocrx_word' id='word_1_177' title='bbox 218 678 303 696; x_wconf 88' lang='lat' dir='ltr'>tenemur,</span> <span class='ocrx_word' id='word_1_178' title='bbox 314 679 366 698; x_wconf 87' lang='lat' dir='ltr'>prout</span> <span class='ocrx_word' id='word_1_179' title='bbox 380 677 480 693; x_wconf 86' lang='lat' dir='ltr'>sciverimus</span> <span class='ocrx_word' id='word_1_180' title='bbox 488 678 506 693; x_wconf 83' lang='lat' dir='ltr'>et</span> <span class='ocrx_word' id='word_1_181' title='bbox 515 677 610 693; x_wconf 87' lang='lat' dir='ltr'>secundum</span> <span class='ocrx_word' id='word_1_182' title='bbox 618 676 675 693; x_wconf 82' lang='lat' dir='ltr'>Deum</span> 
     </span>
     <span class='ocr_line' id='line_1_24' title="bbox 94 700 406 721; baseline 0 -5"><span class='ocrx_word' id='word_1_183' title='bbox 94 701 112 716; x_wconf 82' lang='lat' dir='ltr'>et</span> <span class='ocrx_word' id='word_1_184' title='bbox 121 700 209 721; x_wconf 83' lang='lat' dir='ltr'>justiciam</span> <span class='ocrx_word' id='word_1_185' title='bbox 219 700 313 716; x_wconf 89' lang='lat' dir='ltr'>viderimus</span> <span class='ocrx_word' id='word_1_186' title='bbox 322 700 406 721; x_wconf 86' lang='lat' dir='ltr'>expedire</span> 
     </span>
    </p>

    <p class='ocr_par' dir='ltr' id='par_1_4' title="bbox 94 720 732 767">
     <span class='ocr_line' id='line_1_25' title="bbox 116 720 732 744; baseline 0 -5"><span class='ocrx_word' id='word_1_187' title='bbox 116 723 153 743; x_wconf 83' lang='lat'>603.</span> <span class='ocrx_word' id='word_1_188' title='bbox 178 723 198 739; x_wconf 91' lang='lat' dir='ltr'>In</span> <span class='ocrx_word' id='word_1_189' title='bbox 213 723 280 739; x_wconf 81' lang='lat' dir='ltr'>octabis</span> <span class='ocrx_word' id='word_1_190' title='bbox 293 723 376 739; x_wconf 82' lang='lat' dir='ltr'>Omnium</span> <span class='ocrx_word' id='word_1_191' title='bbox 393 723 496 740; x_wconf 82' lang='lat' dir='ltr'>Sanctorum</span> <span class='ocrx_word' id='word_1_192' title='bbox 514 720 732 744; x_wconf 59' lang='lat' dir='ltr'>(Nov.8,1280).‘&#39;¹³³‘¹¹„„„,„;¹</span> 
     </span>
     <span class='ocr_line' id='line_1_26' title="bbox 94 745 739 767; baseline 0 -5"><span class='ocrx_word' id='word_1_193' title='bbox 94 746 193 762; x_wconf 83' lang='lat' dir='ltr'>Londoniis</span> <span class='ocrx_word' id='word_1_194' title='bbox 217 746 319 762; x_wconf 83' lang='lat' dir='ltr'>Reverendo</span> <span class='ocrx_word' id='word_1_195' title='bbox 331 746 349 762; x_wconf 93' lang='lat' dir='ltr'>in</span> <span class='ocrx_word' id='word_1_196' title='bbox 362 746 429 763; x_wconf 84' lang='lat' dir='ltr'>Christo</span> <span class='ocrx_word' id='word_1_197' title='bbox 442 746 493 767; x_wconf 85' lang='lat' dir='ltr'>patri,</span> <span class='ocrx_word' id='word_1_198' title='bbox 506 746 577 763; x_wconf 85' lang='lat' dir='ltr'>domino</span> <span class='ocrx_word' id='word_1_199' title='bbox 589 746 622 765; x_wconf 93' lang='lat' dir='ltr'>W.</span> <span class='ocrx_word' id='word_1_200' title='bbox 635 747 668 762; x_wconf 86' lang='lat' dir='ltr'>etc.</span> <span class='ocrx_word' id='word_1_201' title='bbox 671 745 739 765; x_wconf 55' lang='lat' dir='ltr'>‚ffiffl’flffi</span> 
     </span>
    </p>
   </div>
   <div class='ocr_carea' id='block_1_3' title="bbox 94 753 758 817">
    <p class='ocr_par' dir='ltr' id='par_1_5' title="bbox 94 753 758 814">
     <span class='ocr_line' id='line_1_27' title="bbox 94 753 758 798; baseline -0.002 -13"><span class='ocrx_word' id='word_1_202' title='bbox 94 774 135 785; x_wconf 88' lang='lat' dir='ltr'>suus</span> <span class='ocrx_word' id='word_1_203' title='bbox 156 768 248 788; x_wconf 71' lang='lat' dir='ltr'>Giffredus</span> <span class='ocrx_word' id='word_1_204' title='bbox 271 769 363 785; x_wconf 79' lang='lat' dir='ltr'>canonicus</span> <span class='ocrx_word' id='word_1_205' title='bbox 385 769 517 789; x_wconf 81' lang='lat' dir='ltr'>Cameracensis,</span> <span class='ocrx_word' id='word_1_206' title='bbox 539 774 606 785; x_wconf 81' lang='lat' dir='ltr'>camere</span> <span class='ocrx_word' id='word_1_207' title='bbox 619 753 758 798; x_wconf 47' lang='lat' dir='ltr'>Sedisssffiflffoz&#39;</span> 
     </span>
     <span class='ocr_line' id='line_1_28' title="bbox 94 791 754 817; baseline -0.002 -9"><span class='ocrx_word' id='word_1_208' title='bbox 94 792 193 817; x_wconf 80' lang='lat' dir='ltr'>Apostolice</span> <span class='ocrx_word' id='word_1_209' title='bbox 216 791 287 808; x_wconf 87' lang='lat' dir='ltr'>clericus</span> <span class='ocrx_word' id='word_1_210' title='bbox 304 794 322 808; x_wconf 85' lang='lat' dir='ltr'>et</span> <span class='ocrx_word' id='word_1_211' title='bbox 339 792 416 814; x_wconf 87' lang='lat' dir='ltr'>ejusdem</span> <span class='ocrx_word' id='word_1_212' title='bbox 434 792 482 808; x_wconf 81' lang='lat' dir='ltr'>Sedis</span> <span class='ocrx_word' id='word_1_213' title='bbox 499 792 577 811; x_wconf 77' lang='lat' dir='ltr'>nundus,</span> <span class='ocrx_word' id='word_1_214' title='bbox 595 792 675 811; x_wconf 85' lang='lat' dir='ltr'>salutem,</span> <span class='ocrx_word' id='word_1_215' title='bbox 703 799 754 809; x_wconf 71' lang='lat' dir='ltr'>nvem-</span> 
     </span>
    </p>
   </div>
   <div class='ocr_carea' id='block_1_4' title="bbox 95 809 758 837">
    <p class='ocr_par' dir='ltr' id='par_1_6' title="bbox 95 809 758 837">
     <span class='ocr_line' id='line_1_29' title="bbox 95 809 758 837; baseline 0 -6"><span class='ocrx_word' id='word_1_216' title='bbox 95 815 215 834; x_wconf 79' lang='lat' dir='ltr'>reverenciam,</span> <span class='ocrx_word' id='word_1_217' title='bbox 230 817 249 831; x_wconf 87' lang='lat' dir='ltr'>et</span> <span class='ocrx_word' id='word_1_218' title='bbox 264 816 351 832; x_wconf 84' lang='lat' dir='ltr'>honorem.</span> <span class='ocrx_word' id='word_1_219' title='bbox 375 815 477 831; x_wconf 86' lang='lat' dir='ltr'>Multociens</span> <span class='ocrx_word' id='word_1_220' title='bbox 491 815 552 837; x_wconf 85' lang='lat' dir='ltr'>rogavi</span> <span class='ocrx_word' id='word_1_221' title='bbox 562 817 580 831; x_wconf 86' lang='lat' dir='ltr'>et</span> <span class='ocrx_word' id='word_1_222' title='bbox 594 814 676 836; x_wconf 84' lang='lat' dir='ltr'>requisivi</span> <span class='ocrx_word' id='word_1_223' title='bbox 682 809 758 834; x_wconf 54' lang='grc' dir='ltr'>ιῗ-ὙΜΗ</span> 
     </span>
    </p>
   </div>
   <div class='ocr_carea' id='block_1_5' title="bbox 95 837 739 1179">
    <p class='ocr_par' dir='ltr' id='par_1_7' title="bbox 95 837 739 1179">
     <span class='ocr_line' id='line_1_30' title="bbox 95 837 676 859; baseline 0 -5"><span class='ocrx_word' id='word_1_224' title='bbox 95 839 153 854; x_wconf 83' lang='lat' dir='ltr'>vestre</span> <span class='ocrx_word' id='word_1_225' title='bbox 163 837 274 859; x_wconf 86' lang='lat' dir='ltr'>paternitatis</span> <span class='ocrx_word' id='word_1_226' title='bbox 285 838 414 859; x_wconf 87' lang='lat' dir='ltr'>providenciam</span> <span class='ocrx_word' id='word_1_227' title='bbox 426 838 531 855; x_wconf 83' lang='lat' dir='ltr'>auctoritate</span> <span class='ocrx_word' id='word_1_228' title='bbox 543 838 643 859; x_wconf 81' lang='lat' dir='ltr'>apostolica,</span> <span class='ocrx_word' id='word_1_229' title='bbox 656 839 676 854; x_wconf 85' lang='lat' dir='ltr'>ut</span> 
     </span>
     <span class='ocr_line' id='line_1_31' title="bbox 95 860 676 883; baseline 0 -6"><span class='ocrx_word' id='word_1_230' title='bbox 95 860 174 877; x_wconf 77' lang='lat' dir='ltr'>faceretis</span> <span class='ocrx_word' id='word_1_231' title='bbox 182 860 229 882; x_wconf 89' lang='lat' dir='ltr'>quod</span> <span class='ocrx_word' id='word_1_232' title='bbox 238 867 249 877; x_wconf 81' lang='lat' dir='ltr'>a</span> <span class='ocrx_word' id='word_1_233' title='bbox 258 862 367 881; x_wconf 85' lang='lat' dir='ltr'>secularibus,</span> <span class='ocrx_word' id='word_1_234' title='bbox 377 861 476 883; x_wconf 82' lang='lat' dir='ltr'>collegiatis,</span> <span class='ocrx_word' id='word_1_235' title='bbox 485 862 503 877; x_wconf 83' lang='lat' dir='ltr'>et</span> <span class='ocrx_word' id='word_1_236' title='bbox 511 861 594 882; x_wconf 77' lang='lat' dir='ltr'>religiosis</span> <span class='ocrx_word' id='word_1_237' title='bbox 602 860 676 877; x_wconf 58' lang='lat' dir='ltr'>ecclesiis</span> 
     </span>
     <span class='ocr_line' id='line_1_32' title="bbox 95 883 676 906; baseline 0 -6"><span class='ocrx_word' id='word_1_238' title='bbox 95 885 151 900; x_wconf 80' lang='lat' dir='ltr'>vestre</span> <span class='ocrx_word' id='word_1_239' title='bbox 162 883 239 900; x_wconf 82' lang='lat' dir='ltr'>civitatis</span> <span class='ocrx_word' id='word_1_240' title='bbox 249 886 266 900; x_wconf 88' lang='lat' dir='ltr'>et</span> <span class='ocrx_word' id='word_1_241' title='bbox 277 884 354 906; x_wconf 83' lang='lat' dir='ltr'>dyocesis</span> <span class='ocrx_word' id='word_1_242' title='bbox 364 889 462 901; x_wconf 80' lang='lat' dir='ltr'>concessam</span> <span class='ocrx_word' id='word_1_243' title='bbox 472 884 526 900; x_wconf 83' lang='lat' dir='ltr'>michi</span> <span class='ocrx_word' id='word_1_244' title='bbox 535 884 606 905; x_wconf 78' lang='lat' dir='ltr'>singulis</span> <span class='ocrx_word' id='word_1_245' title='bbox 616 884 676 900; x_wconf 86' lang='lat' dir='ltr'>diebus</span> 
     </span>
     <span class='ocr_line' id='line_1_33' title="bbox 95 906 676 929; baseline 0 -6"><span class='ocrx_word' id='word_1_246' title='bbox 95 908 162 928; x_wconf 87' lang='lat' dir='ltr'>septem</span> <span class='ocrx_word' id='word_1_247' title='bbox 171 906 264 923; x_wconf 78' lang='lat' dir='ltr'>solidorum</span> <span class='ocrx_word' id='word_1_248' title='bbox 273 907 413 928; x_wconf 78' lang='lat' dir='ltr'>procuracionem</span> <span class='ocrx_word' id='word_1_249' title='bbox 421 912 452 929; x_wconf 86' lang='lat' dir='ltr'>pro</span> <span class='ocrx_word' id='word_1_250' title='bbox 461 907 575 928; x_wconf 86' lang='lat' dir='ltr'>quadriennio</span> <span class='ocrx_word' id='word_1_251' title='bbox 583 912 630 923; x_wconf 83' lang='lat' dir='ltr'>more</span> <span class='ocrx_word' id='word_1_252' title='bbox 639 912 676 923; x_wconf 84' lang='lat' dir='ltr'>mee</span> 
     </span>
     <span class='ocr_line' id='line_1_34' title="bbox 95 929 676 951; baseline 0 -5"><span class='ocrx_word' id='word_1_253' title='bbox 95 930 113 946; x_wconf 88' lang='lat' dir='ltr'>in</span> <span class='ocrx_word' id='word_1_254' title='bbox 118 930 181 951; x_wconf 85' lang='lat' dir='ltr'>Anglia</span> <span class='ocrx_word' id='word_1_255' title='bbox 186 935 254 951; x_wconf 82' lang='lat' dir='ltr'>possem</span> <span class='ocrx_word' id='word_1_256' title='bbox 260 931 322 946; x_wconf 87' lang='lat' dir='ltr'>habere</span> <span class='ocrx_word' id='word_1_257' title='bbox 330 936 334 950; x_wconf 82' lang='lat'>;</span> <span class='ocrx_word' id='word_1_258' title='bbox 346 930 378 947; x_wconf 88' lang='lat' dir='ltr'>illis</span> <span class='ocrx_word' id='word_1_259' title='bbox 384 930 458 947; x_wconf 82' lang='lat' dir='ltr'>ecclesiis</span> <span class='ocrx_word' id='word_1_260' title='bbox 463 932 550 951; x_wconf 81' lang='lat' dir='ltr'>quantum</span> <span class='ocrx_word' id='word_1_261' title='bbox 555 930 578 946; x_wconf 86' lang='lat' dir='ltr'>ad</span> <span class='ocrx_word' id='word_1_262' title='bbox 583 929 676 946; x_wconf 77' lang='lat' dir='ltr'>triennium</span> 
     </span>
     <span class='ocr_line' id='line_1_35' title="bbox 95 952 676 974; baseline 0 -5"><span class='ocrx_word' id='word_1_263' title='bbox 95 953 177 974; x_wconf 79' lang='lat' dir='ltr'>exceptis,</span> <span class='ocrx_word' id='word_1_264' title='bbox 190 958 224 974; x_wconf 85' lang='lat' dir='ltr'>que</span> <span class='ocrx_word' id='word_1_265' title='bbox 236 958 267 974; x_wconf 81' lang='lat' dir='ltr'>pro</span> <span class='ocrx_word' id='word_1_266' title='bbox 280 954 353 970; x_wconf 75' lang='lat' dir='ltr'>triennio</span> <span class='ocrx_word' id='word_1_267' title='bbox 365 953 483 970; x_wconf 77' lang='lat' dir='ltr'>invenirentur</span> <span class='ocrx_word' id='word_1_268' title='bbox 494 953 570 969; x_wconf 81' lang='lat' dir='ltr'>solvisse.</span> <span class='ocrx_word' id='word_1_269' title='bbox 594 952 676 969; x_wconf 88' lang='lat' dir='ltr'>Nondum</span> 
     </span>
     <span class='ocr_line' id='line_1_36' title="bbox 95 976 677 997; baseline 0 -5"><span class='ocrx_word' id='word_1_270' title='bbox 95 977 154 992; x_wconf 83' lang='lat' dir='ltr'>tamen</span> <span class='ocrx_word' id='word_1_271' title='bbox 168 976 221 992; x_wconf 80' lang='lat' dir='ltr'>habet</span> <span class='ocrx_word' id='word_1_272' title='bbox 235 976 356 993; x_wconf 82' lang='lat' dir='ltr'>certitudinem</span> <span class='ocrx_word' id='word_1_273' title='bbox 369 976 412 997; x_wconf 88' lang='lat' dir='ltr'>quid</span> <span class='ocrx_word' id='word_1_274' title='bbox 426 981 477 997; x_wconf 84' lang='lat' dir='ltr'>super</span> <span class='ocrx_word' id='word_1_275' title='bbox 490 976 523 992; x_wconf 83' lang='lat' dir='ltr'>hoc</span> <span class='ocrx_word' id='word_1_276' title='bbox 536 976 605 992; x_wconf 78' lang='lat' dir='ltr'>duxerit</span> <span class='ocrx_word' id='word_1_277' title='bbox 618 977 677 992; x_wconf 83' lang='lat' dir='ltr'>vestra</span> 
     </span>
     <span class='ocr_line' id='line_1_37' title="bbox 95 998 739 1020; baseline 0 -5"><span class='ocrx_word' id='word_1_278' title='bbox 95 999 191 1020; x_wconf 84' lang='lat' dir='ltr'>paternitas</span> <span class='ocrx_word' id='word_1_279' title='bbox 203 999 306 1019; x_wconf 77' lang='lat' dir='ltr'>faciendum,</span> <span class='ocrx_word' id='word_1_280' title='bbox 318 999 351 1015; x_wconf 90' lang='lat' dir='ltr'>nisi</span> <span class='ocrx_word' id='word_1_281' title='bbox 362 999 408 1020; x_wconf 87' lang='lat' dir='ltr'>quod</span> <span class='ocrx_word' id='word_1_282' title='bbox 420 999 486 1016; x_wconf 88' lang='lat' dir='ltr'>dudum</span> <span class='ocrx_word' id='word_1_283' title='bbox 497 999 608 1020; x_wconf 75' lang='lat' dir='ltr'>rescripsistis</span> <span class='ocrx_word' id='word_1_284' title='bbox 618 998 676 1018; x_wconf 84' lang='lat' dir='ltr'>michi,</span> <span class='ocrx_word' id='word_1_285' title='bbox 683 998 702 1009; x_wconf 51' lang='grc' dir='ltr'><strong>ἢ</strong></span> <span class='ocrx_word' id='word_1_286' title='bbox 709 998 739 1008; x_wconf 56' lang='grc' dir='ltr'>’ω</span> 
     </span>
     <span class='ocr_line' id='line_1_38' title="bbox 95 1022 676 1043; baseline 0 -5"><span class='ocrx_word' id='word_1_287' title='bbox 95 1022 142 1043; x_wconf 84' lang='lat' dir='ltr'>quod</span> <span class='ocrx_word' id='word_1_288' title='bbox 156 1022 275 1038; x_wconf 73' lang='lat' dir='ltr'>colleccionem</span> <span class='ocrx_word' id='word_1_289' title='bbox 289 1023 431 1043; x_wconf 84' lang='lat' dir='ltr'>procuracionum</span> <span class='ocrx_word' id='word_1_290' title='bbox 445 1027 523 1038; x_wconf 87' lang='lat' dir='ltr'>mearum</span> <span class='ocrx_word' id='word_1_291' title='bbox 536 1022 604 1038; x_wconf 77' lang='lat' dir='ltr'>officiali</span> <span class='ocrx_word' id='word_1_292' title='bbox 618 1022 676 1038; x_wconf 83' lang='lat' dir='ltr'>vestro</span> 
     </span>
     <span class='ocr_line' id='line_1_39' title="bbox 95 1044 677 1067; baseline 0 -6"><span class='ocrx_word' id='word_1_293' title='bbox 95 1045 188 1061; x_wconf 70' lang='lat' dir='ltr'>conteratis</span> <span class='ocrx_word' id='word_1_294' title='bbox 196 1050 200 1064; x_wconf 69' lang='grc' dir='ltr'><strong>ς</strong></span> <span class='ocrx_word' id='word_1_295' title='bbox 214 1047 232 1061; x_wconf 89' lang='lat' dir='ltr'>et</span> <span class='ocrx_word' id='word_1_296' title='bbox 239 1046 316 1061; x_wconf 75' lang='lat' dir='ltr'>officialis</span> <span class='ocrx_word' id='word_1_297' title='bbox 324 1045 376 1062; x_wconf 86' lang='lat' dir='ltr'>michi</span> <span class='ocrx_word' id='word_1_298' title='bbox 383 1045 404 1061; x_wconf 88' lang='lat' dir='ltr'>de</span> <span class='ocrx_word' id='word_1_299' title='bbox 411 1050 470 1061; x_wconf 85' lang='lat' dir='ltr'>mense</span> <span class='ocrx_word' id='word_1_300' title='bbox 477 1045 583 1067; x_wconf 86' lang='lat' dir='ltr'>Septembris</span> <span class='ocrx_word' id='word_1_301' title='bbox 590 1044 677 1066; x_wconf 75' lang='lat' dir='ltr'>rescripsit</span> 
     </span>
     <span class='ocr_line' id='line_1_40' title="bbox 95 1067 676 1089; baseline 0 -5"><span class='ocrx_word' id='word_1_302' title='bbox 95 1068 142 1089; x_wconf 83' lang='lat' dir='ltr'>quod</span> <span class='ocrx_word' id='word_1_303' title='bbox 159 1069 290 1089; x_wconf 82' lang='lat' dir='ltr'>procuraciones</span> <span class='ocrx_word' id='word_1_304' title='bbox 307 1068 360 1085; x_wconf 88' lang='lat' dir='ltr'>michi</span> <span class='ocrx_word' id='word_1_305' title='bbox 376 1068 434 1085; x_wconf 86' lang='lat' dir='ltr'>debite</span> <span class='ocrx_word' id='word_1_306' title='bbox 451 1068 496 1084; x_wconf 76' lang='lat' dir='ltr'>infra</span> <span class='ocrx_word' id='word_1_307' title='bbox 513 1068 577 1084; x_wconf 75' lang='lat' dir='ltr'>festum</span> <span class='ocrx_word' id='word_1_308' title='bbox 594 1067 676 1084; x_wconf 80' lang='lat' dir='ltr'>Omnium</span> 
     </span>
     <span class='ocr_line' id='line_1_41' title="bbox 95 1090 676 1113; baseline 0 -6"><span class='ocrx_word' id='word_1_309' title='bbox 95 1091 198 1107; x_wconf 84' lang='lat' dir='ltr'>Sanctorum</span> <span class='ocrx_word' id='word_1_310' title='bbox 205 1091 325 1112; x_wconf 82' lang='lat' dir='ltr'>colligerentur</span> <span class='ocrx_word' id='word_1_311' title='bbox 332 1093 349 1107; x_wconf 85' lang='lat' dir='ltr'>et</span> <span class='ocrx_word' id='word_1_312' title='bbox 356 1092 484 1113; x_wconf 80' lang='lat' dir='ltr'>assignarentur</span> <span class='ocrx_word' id='word_1_313' title='bbox 489 1096 529 1107; x_wconf 86' lang='lat' dir='ltr'>meo</span> <span class='ocrx_word' id='word_1_314' title='bbox 535 1091 605 1107; x_wconf 84' lang='lat' dir='ltr'>nomine</span> <span class='ocrx_word' id='word_1_315' title='bbox 611 1090 676 1107; x_wconf 80' lang='lat' dir='ltr'>&#39;rhome</span> 
     </span>
     <span class='ocr_line' id='line_1_42' title="bbox 95 1113 676 1135; baseline 0 -5"><span class='ocrx_word' id='word_1_316' title='bbox 95 1114 116 1130; x_wconf 91' lang='lat' dir='ltr'>de</span> <span class='ocrx_word' id='word_1_317' title='bbox 127 1114 187 1130; x_wconf 86' lang='lat' dir='ltr'>Luck&#39;.</span> <span class='ocrx_word' id='word_1_318' title='bbox 211 1114 266 1134; x_wconf 85' lang='lat' dir='ltr'>Unde,</span> <span class='ocrx_word' id='word_1_319' title='bbox 277 1120 316 1130; x_wconf 89' lang='lat' dir='ltr'>curn</span> <span class='ocrx_word' id='word_1_320' title='bbox 327 1120 386 1131; x_wconf 89' lang='lat' dir='ltr'>revera</span> <span class='ocrx_word' id='word_1_321' title='bbox 395 1114 468 1130; x_wconf 86' lang='lat' dir='ltr'>debeam</span> <span class='ocrx_word' id='word_1_322' title='bbox 477 1114 552 1135; x_wconf 85' lang='lat' dir='ltr'>recipere</span> <span class='ocrx_word' id='word_1_323' title='bbox 561 1114 583 1130; x_wconf 77' lang='lat' dir='ltr'>de</span> <span class='ocrx_word' id='word_1_324' title='bbox 592 1113 676 1130; x_wconf 78' lang='lat' dir='ltr'>concessis</span> 
     </span>
     <span class='ocr_line' id='line_1_43' title="bbox 95 1136 676 1159; baseline 0 -6"><span class='ocrx_word' id='word_1_325' title='bbox 95 1137 147 1153; x_wconf 88' lang='lat' dir='ltr'>michi</span> <span class='ocrx_word' id='word_1_326' title='bbox 160 1137 239 1158; x_wconf 85' lang='lat' dir='ltr'>expensis</span> <span class='ocrx_word' id='word_1_327' title='bbox 253 1143 284 1159; x_wconf 84' lang='lat' dir='ltr'>pro</span> <span class='ocrx_word' id='word_1_328' title='bbox 297 1137 415 1159; x_wconf 81' lang='lat' dir='ltr'>quadriennio,</span> <span class='ocrx_word' id='word_1_329' title='bbox 429 1137 474 1154; x_wconf 81' lang='lat' dir='ltr'>circa.</span> <span class='ocrx_word' id='word_1_330' title='bbox 486 1138 536 1159; x_wconf 84' lang='lat' dir='ltr'>cujus</span> <span class='ocrx_word' id='word_1_331' title='bbox 549 1137 601 1153; x_wconf 83' lang='lat' dir='ltr'>finem</span> <span class='ocrx_word' id='word_1_332' title='bbox 614 1136 676 1156; x_wconf 78' lang='lat' dir='ltr'>existo,</span> 
     </span>
     <span class='ocr_line' id='line_1_44' title="bbox 307 1166 467 1179; baseline 0 -1"><span class='ocrx_word' id='word_1_333' title='bbox 307 1166 387 1179; x_wconf 63' lang='lat' dir='ltr'>uanum.</span> <span class='ocrx_word' id='word_1_334' title='bbox 404 1166 429 1179; x_wconf 70' lang='lat' dir='ltr'>En.</span> <span class='ocrx_word' id='word_1_335' title='bbox 437 1166 467 1179; x_wconf 70' lang='lat'>192.</span> 
     </span>
    </p>
   </div>
   <div class='ocr_carea' id='block_1_6' title="bbox 710 1191 787 1281">
    <p class='ocr_par' dir='ltr' id='par_1_8' title="bbox 710 1191 787 1281">
     <span class='ocr_line' id='line_1_45' title="bbox 710 1191 787 1281; baseline 0 0"><span class='ocrx_word' id='word_1_336' title='bbox 710 1191 787 1281; x_wconf 79' lang='lat' dir='ltr'>s</span> 
     </span>
    </p>
   </div>
  </div>
 </body>
</html>
