2994 4996
225 485 291 529 THE
314 485 476 530 REGISTER
498 485 539 529 OF
560 484 771 530 ARCHBISHOP
792 484 940 530 WILLIAM
961 485 1162 531 WICKWANE.
1213 483 1272 549 173

162 651 237 721 457·
297 637 381 720 Julii
424 656 476 715 22,
521 658 611 702 anno
654 657 674 722 9
716 637 813 705 udw.
846 638 874 702 1.
907 637 1031 720 (1281).
1091 637 1426 704 Hattefeldutterfrom

120 729 312 793 Peverille.l
371 731 424 807 E,
446 730 511 794 Dei
530 730 645 814 gracia
665 750 735 806 rex,
757 735 834 807 etc,
856 729 1052 808 venerabili,
1075 736 1139 795 etc.
1186 730 1272 795 Cum
1286 697 1384 786 iiiiii
1402 699 1427 796 ΞΟ

118 821 208 885 inter
228 842 290 886 vos
310 842 353 885 ex
373 828 471 906 parte
492 842 572 899 una,
594 828 629 886 et
649 821 879 886 venerabilem
899 828 1045 905 patrem,
1068 822 1123 900 R,
1145 821 1272 886 Dunel-
1285 799 1420 905 iiffiitiifir

117 933 270 977 mensem
297 914 505 998 episcopum,
534 934 576 977 ex
604 913 722 990 altera,
750 934 853 998 super
878 913 1086 997 quibusdam
1113 914 1271 998 negociis,
1286 896 1437 996 ifissssffld

116 1005 392 1088 jurisdiccionem
413 1011 565 1069 vestram
587 1005 795 1070 ordinariam
817 1006 1106 1089 contingentibus,
1129 1011 1206 1071 orta
1227 1005 1273 1070 sit
1286 996 1414 1087 fflff‘

118 1096 268 1179 quedam
305 1097 523 1161 dissensionis
559 1097 715 1174 materia,
754 1117 794 1162 ac
830 1118 903 1174 vos,
941 1097 1030 1162 sicut
1068 1097 1272 1182 accepimus,

119 1188 295 1252 occasione
326 1188 543 1253 dissensionis
573 1188 673 1266 illius,
705 1189 740 1252 in
771 1188 913 1254 dilectos
943 1189 1042 1254 nobis
1072 1189 1108 1253 in
1139 1188 1274 1253 Christo

118 1280 266 1363 priorem
282 1286 316 1344 et
332 1286 542 1345 conventum
558 1280 835 1358 Dunelmensem‚
852 1302 915 1364 pro
930 1301 970 1345 eo
985 1280 1080 1365 quod
1095 1281 1159 1365 ipsi
1175 1281 1274 1345 vobis

118 1372 154 1435 in
185 1372 249 1436 hiis
279 1393 346 1456 que
377 1373 421 1436 ad
452 1372 651 1457 hujusmodi
680 1373 955 1456 jurisdiccionem
985 1372 1170 1457 pertinent,
1202 1373 1274 1436 sine

119 1463 273 1546 ejusdem
307 1465 456 1548 episcopi
490 1464 543 1528 sui
576 1464 717 1529 licencia
750 1464 806 1528 vel
840 1484 1017 1541 consensu,
1052 1485 1171 1549 parere
1204 1484 1274 1528 non

118 1555 305 1632 audebant,
327 1555 382 1620 vel
402 1556 520 1640 pocius
540 1556 612 1620 sine
631 1556 815 1647 manifesto
835 1577 895 1620 sue
916 1556 1053 1641 ecclesie
1073 1555 1273 1641 prejudicio

118 1647 207 1711 sicut
228 1647 358 1724 dicunt,
380 1648 525 1711 minime
541 1654 716 1732 poterunt,
744 1648 1110 1713 excommunicacionis
1139 1654 1274 1712 senten-

118 1738 207 1802 ciam
223 1760 333 1823 nuper
348 1739 476 1804 iecistis
489 1739 708 1824 promulgari,
721 1739 801 1804 licet
811 1739 896 1804 dicti
912 1740 1004 1824 prior
1020 1747 1055 1804 et
1071 1745 1273 1816 conventus,

119 1836 180 1894 aut
217 1831 469 1915 predecessores
506 1852 635 1908 eorum,
673 1832 802 1916 priores
839 1837 873 1895 et
910 1832 1070 1896 monachi
1108 1831 1273 1916 ejusdem,

117 1942 296 2006 nunquam
327 1924 493 1988 hactenus
523 1924 646 1988 vestris
676 1923 981 2007 predecessoribus,
1013 1923 1275 2007 archiepiscopis

118 2014 402 2092 EboracensibuS,
420 2015 455 2079 in
472 2014 671 2099 hujusmodi
687 2015 927 2079 consueverint
944 2014 1081 2079 obedire
1097 2037 1104 2092 ;
1137 2035 1211 2092 nos,
1229 2013 1275 2078 ob

118 2106 248 2170 bonurn
280 2106 374 2190 pacis
405 2113 440 2170 et
471 2107 650 2172 concordie
680 2106 774 2190 quod
805 2127 884 2190 pars
915 2112 1073 2191 utraque,
1106 2107 1195 2172 sicut
1226 2106 1275 2170 hii

118 2198 278 2281 precipue
309 2199 368 2282 qui
399 2199 524 2263 divinis
555 2205 707 2283 presunt,
740 2198 920 2283 diligenter
950 2197 1053 2263 debet
1085 2197 1274 2275 attendere,

118 2290 365 2373 patemitatem
377 2297 529 2355 vestram
541 2291 703 2355 duximus
714 2291 835 2355 intime
847 2289 1099 2375 deprecandam
1111 2290 1275 2374 quatinus

118 2381 281 2464 predictis
315 2383 419 2466 priori
454 2389 489 2446 et
525 2383 721 2458 conventui,
757 2403 905 2467 quorum
940 2382 1042 2466 culpa
1076 2380 1275 2466 hujusmodi

117 2474 289 2538 sentencie
326 2475 464 2538 ferende
501 2495 641 2539 causam
677 2474 732 2539 vel
769 2474 982 2539 occasionem
1018 2494 1088 2538 non
1124 2473 1274 2558 prebuit,

118 2571 290 2648 quatenus
310 2567 500 2630 secundum
520 2567 633 2630 Deum
654 2572 689 2630 et
709 2566 782 2630 sine
801 2566 928 2631 lesione
947 2566 1117 2630 libertatis
1138 2564 1276 2629 ecclesie

117 2662 230 2720 vestre
252 2658 437 2722 manifesta
473 2658 641 2741 poteritis,
665 2678 803 2741 parcere
839 2656 952 2722 velitis
974 2657 1010 2722 in
1032 2657 1098 2722 hac
1119 2662 1218 2741 parte
1241 2662 1276 2720 et

117 2769 197 2812 cum
212 2749 338 2813 eisdem
353 2750 474 2814 micius
490 2770 588 2834 agere
603 2750 728 2814 curetis
755 2749 955 2834 hujusmodi
968 2749 1077 2814 nostri
1092 2747 1276 2833 rogaminis

117 2840 326 2917 interventu,
362 2862 405 2904 ne
439 2841 581 2906 libertas
616 2841 754 2906 ecclesie
788 2862 848 2906 sue
883 2840 1134 2918 Dunelmensis‚
1170 2860 1276 2924 quam

116 2932 284 2997 hactenus
304 2933 504 3016 hujusmodi
524 2933 745 2998 immunitate
765 2932 920 3017 gavisam
940 2932 1043 2998 fuisse
1063 2932 1195 3010 dicunt,
1216 2951 1278 3016 per

117 3044 181 3087 vos
200 3044 291 3088 novo
311 3031 346 3089 et
366 3025 521 3089 indebito
540 3025 740 3109 gravamine
759 3024 918 3090 violetur.
964 3024 1066 3089 Teste
1085 3045 1140 3088 me
1188 3023 1273 3108 ipso

160 3115 235 3197 458.
284 3135 325 3180 10
344 3117 411 3180 kal.
432 3116 539 3200 Sept,
560 3137 650 3181 anno
663 3135 694 3194 2,
712 3116 812 3200 (Aug.
833 3134 885 3198 23,
907 3115 1016 3199 1281).
1063 3115 1275 3181 Alwentone.
1290 3106 1421 3198 {ohffit

117 3206 365 3272 Amantissimo
385 3215 420 3272 et
440 3208 641 3292 precordiali
662 3209 697 3272 in
719 3208 854 3273 Christo
873 3207 954 3286 filio,
974 3208 1140 3292 magistro
1159 3207 1212 3273 W.
1234 3205 1277 3271 de
1289 3207 1383 3298 {ggno

117 3298 265 3376 Comer’,
281 3300 445 3365 canonico
473 3300 692 3364 Eboracensi.
741 3299 833 3365 Serie
860 3299 1055 3365 litterarum
1082 3305 1277 3364 vestrarum
1290 3308 1357 3348 York·

116 3411 284 3474 perpensa
311 3391 443 3475 plenius
471 3399 505 3456 et
532 3393 698 3476 inspecta,
726 3391 964 3476 prorogacioni
989 3390 1144 3457 faciende
1170 3411 1277 3475 quam

116 3483 245 3565 petitis,
263 3484 308 3547 ad
323 3484 430 3548 vestri
445 3484 662 3560 instanciam,
680 3485 741 3561 ita,
758 3483 929 3562 videlicet,
946 3483 1109 3548 duximus
1125 3502 1277 3548 annuen-

117 3574 199 3637 dam
224 3575 317 3657 quod
341 3576 434 3639 bona
458 3576 525 3639 fide
550 3582 585 3640 et
610 3576 715 3640 modo
740 3574 870 3653 debit0,
897 3573 1277 3660 absque'irustracione

116 3666 281 3749 qualibet,
308 3668 497 3750 procedant
523 3667 639 3732 omnia
664 3688 732 3751 que
758 3668 975 3752 contingunt.
1022 3666 1120 3744 Cum,
1146 3656 1442 3750 itaquefvilggtaffibss·

116 3757 227 3841 primo
250 3758 304 3821 die
326 3759 538 3823 visitacionis
560 3765 687 3837 nostre,
711 3780 819 3843 quam
841 3760 877 3822 in
899 3759 1049 3824 crastino
1071 3757 1277 3824 Nativitatis
1290 3756 1414 3851 fflffi

116 3849 217 3913 Beati
240 3849 410 3932 Johannis
434 3851 594 3935 Baptiste
619 3850 725 3933 (June
749 3855 805 3933 25)
829 3850 1091 3942 assignavimus,
1115 3849 1278 3914 inchoato
1290 3863 1315 3901 at
1323 3858 1443 3900 ΟΜΝ·

115 3940 226 4005 officio
269 3949 388 4006 nostro
418 3943 463 4007 ad
493 3943 584 4006 diem
614 3943 728 4026 ipsum
760 3942 849 4007 sicut
879 3942 1006 4026 potuit,
1037 3941 1129 4006 diem
1159 3940 1277 4018 alium,
1290 3913 1385 3961 ”qm

115 4032 286 4110 videlicet,
307 4034 397 4097 diem
418 4034 575 4099 Mercurii
593 4034 790 4118 proximam
808 4040 888 4118 post
906 4033 1036 4100 festum
1054 4031 1279 4098 exaltacionis

115 4122 240 4188 Sancte
265 4124 380 4190 Crucis
405 4125 512 4210 (Sept.
540 4129 605 4210 17),
619 4126 655 4190 in
679 4126 837 4190 favorem
860 4131 946 4191 tunc
967 4124 1067 4191 nobis
1089 4123 1278 4201 rebellium,

115 4223 250 4299 partem
280 4217 441 4301 episcopi,
472 4217 603 4302 prioris,
633 4224 669 4283 et
702 4216 847 4301 capituli
874 4217 1103 4302 peremptorie
1131 4216 1280 4282 citantes

113 4308 249 4385 iterato
290 4310 334 4373 ad
373 4309 587 4374 visitandum
627 4309 933 4394 assignaverimus,
950 4345 955 4352 »
973 4316 1013 4376 ut
1052 4315 1105 4374 est
1144 4314 1279 4385 notum,

112 4400 270 4484 qualiter,
291 4402 522 4484 preveniendo
542 4401 644 4478 diem,
666 4401 860 4466 terminum
879 4400 1080 4487 hujusmodi
1099 4398 1279 4485 presertim

507 4516 672 4567 ¹Peverelle.
710 4516 760 4566 Fo.
775 4515 853 4567 142d.
