2994 4996
272 500 339 545 THE
362 500 526 547 REGISTER
546 501 589 547 OF
610 501 822 549 ARCHBISHOP
843 501 991 548 WILLIAM
1012 500 1215 548 WICKWANE.
1266 486 1325 549 281

167 655 308 719 cessoris
338 655 448 720 nostri
478 655 700 740 integraliter,
732 661 837 742 prout
868 655 1075 722 mandatum
1105 655 1327 722 collectorum

168 746 262 829 quod
487 750 500 790 1
527 748 633 833 exigit
657 755 692 814 et
716 748 870 833 requirit,
895 748 1010 833 parati
1034 747 1170 825 erimus,
1195 767 1326 825 sumus,
1389 780 1392 787 ·

168 838 287 915 eciam,
316 839 446 923 regium
473 839 679 906 mandatum
706 845 902 906 reverenter
927 841 1062 926 exequi,
1089 845 1137 905 ut'
1157 846 1326 905 tenemur.
1342 861 1457 924 canao-

168 929 328 995 Ceterum
350 930 392 995 de
414 938 591 1015 sequestro
613 933 791 999 fructuum
812 932 985 1018 prebende
1006 932 1050 997 de
1071 931 1327 1018 Staynwegges,
1342 913 1471 1004 {goffia

167 1023 266 1106 cujus
287 1024 502 1102 meministis,
524 1024 630 1089 nichil
650 1031 783 1091 certum
804 1025 987 1091 rescribere
1006 1043 1201 1109 possumne,
1215 1043 1328 1109 neque
1360 1011 1474 1114 3231&

167 1115 303 1192 scimus,
327 1136 388 1200 pro
410 1136 450 1180 eo
471 1116 566 1200 quod
587 1116 632 1181 ad
653 1117 920 1204 resignacionem
941 1116 1171 1194 Εειᾶῐηιιηάἰ,2
1190 1115 1329 1200 nepotis
1344 1113 1474 1216 ζξξζῖξω

168 1208 285 1285 vestri,
303 1214 388 1272 tunc
402 1208 630 1293 prebendarii,
648 1208 844 1276 absolutam
860 1208 1000 1275 domino
1009 1207 1051 1274 A.
1065 1207 1170 1274 Beck’
1186 1207 1330 1294 preben-
1344 1213 1434 1306 ffirm

168 1299 250 1364 dam
268 1301 379 1385 ipsam
396 1300 616 1379 contulimus,
635 1300 730 1367 nullo
746 1302 886 1387 penitus
903 1307 1089 1380 reservato,
1107 1320 1171 1367 nec
1187 1298 1329 1386 quidem
1345 1315 1411 1358 Beck
1434 1275 1449 1316 y

167 1397 417 1457 testamentum
458 1393 576 1477 ipsius
618 1414 678 1460 seu
718 1394 859 1460 alterius
899 1392 1096 1479 cujuslibet,
1137 1392 1328 1479 inpugnare

167 1484 366 1562 credimus,³
388 1485 482 1568 quod
505 1485 607 1563 absit,
630 1485 825 1572 aliqualiter
846 1506 907 1552 seu
928 1484 1080 1564 turbare,
1102 1485 1188 1570 quin
1208 1485 1329 1571 pocius

168 1577 378 1642 testancium
411 1575 653 1644 voluntatibus
684 1578 865 1665 providere
896 1577 1055 1665 cupimus
1086 1577 1271 1645 salubriter
1291 1583 1328 1643 et

168 1669 294 1733 favere.

212 1803 287 1870 702.
336 1786 414 1851 Kal.
436 1787 513 1852 Oct.
536 1787 627 1870 (Oct.
651 1808 681 1866 1,
704 1787 813 1871 1281).
860 1787 1033 1873 Wyltone.
1079 1785 1275 1853 Venerabili
1293 1785 1496 1893 {nffifflt

168 1877 304 1943 Christo
329 1879 422 1963 patri
447 1886 483 1944 et
509 1881 620 1946 amico
646 1880 836 1959 karissim0,
864 1880 1005 1946 domino
1031 1879 1085 1959 G,
1124 1879 1190 1945 Dei
1214 1899 1330 1965 gracia
1343 1890 1479 1993 mai*

168 1970 406 2056 Wygomiensi
423 1971 594 2057 episcopo,
611 1972 678 2050 W,
696 1979 773 2051 etc,
791 1972 940 2038 salutem
956 1979 992 2038 et
1008 1972 1054 2038 ad
1070 1979 1156 2038 vota
1170 1971 1329 2038 votivam
1344 1992 1414 2034 vuer
1426 1991 1464 2033 ue

166 2064 479 2147 promptitudinem
500 2071 535 2129 et
557 2065 732 2130 devotam.
755 2063 924 2144 Gerimus,
934 2070 1045 2151 pater,
1058 2071 1094 2130 et
1115 2063 1330 2131 attendimus
1344 2041 1474 2136 baffia

167 2155 262 2238 quod
281 2156 388 2220 verba
408 2156 634 2222 Eboracensis
653 2157 792 2222 ecclesie
810 2176 878 2242 que
895 2156 1064 2235 lactastis,
1083 2155 1120 2221 in
1138 2156 1330 2223 minoribus
1344 2143 1496 2285 {⁰¹32pr

166 2248 379 2325 constituti,4
416 2248 461 2313 ad
497 2249 641 2334 antique
676 2249 798 2314 matris
834 2247 1056 2314 commodum
1091 2254 1128 2314 et
1163 2248 1329 2314 honorem
1343 2293 1432 2346 pm„

167 2339 305 2424 speciali
322 2340 448 2405 amoris
464 2340 643 2426 privilegio
659 2361 722 2406 vos
738 2347 960 2406 commovent
976 2347 1012 2406 et
1028 2340 1193 2406 invitant.
1239 2339 1330 2406 Sane

167 2432 357 2516 recepimus
395 2452 458 2517 pro
496 2434 671 2498 constanti
710 2432 805 2519 quod
843 2433 1024 2519 episcopus
1056 2425 1115 2509 'et
1136 2431 1330 2518 capitulum

167 2524 340 2601 Dunelm,
367 2524 489 2609 sopitis
515 2525 702 2590 contenciis
728 2531 764 2590 et
788 2525 909 2611 iurgiis
933 2524 1026 2590 inter
1049 2524 1140 2590 bone
1165 2523 1329 2591 memorie

167 2616 347 2681 dominum
367 2616 433 2694 W,
455 2616 728 2701 predecessorem
747 2623 917 2696 nostrum,
938 2637 1141 2703 germanum
1161 2622 1329 2694 vestrum,

168 2715 203 2772 et
243 2709 392 2786 eosdem,
433 2729 535 2793 super
574 2709 776 2774 visitacione
814 2708 1070 2795 metropolitica
1107 2708 1249 2787 habitis,
1288 2714 1330 2775 ut

167 2799 324 2877 novistis,
351 2821 411 2885 per
435 2821 515 2866 suas
537 2807 698 2886 patentes
727 2801 862 2867 litteras
891 2801 1038 2868 confessi
1066 2802 1206 2868 fuerant
1235 2800 1331 2886 quod

167 2892 362 2976 predictum
389 2893 662 2977 predecessorem
688 2900 847 2959 nostrum
873 2914 1023 2979 suosque
1048 2912 1259 2960 successores
1285 2891 1333 2958 ad

167 2984 380 3050 visitacionis
408 2985 558 3050 officium
587 2987 719 3072 absque
748 2985 1026 3053 contradiccione
1053 2984 1210 3071 qualibet
1238 2990 1351 3050 reve-'

168 3083 282 3141 renter
304 3077 530 3143 admitterent
552 3078 588 3143 in
610 3079 791 3156 futurum;
835 3098 923 3163 quas
944 3077 1087 3163 quidem
1109 3076 1246 3143 litteras
1267 3076 1335 3143 sub

169 3175 287 3233 vestra
312 3169 484 3235 tutissime
509 3170 680 3236 credimus
704 3170 870 3236 reservari
895 3169 1065 3248 custodia,
1104 3168 1195 3235 inter
1219 3174 1335 3235 cetera

167 3262 398 3327 instrumenta
415 3263 461 3327 ad
478 3284 540 3328 vos
557 3263 702 3328 forsitan
719 3262 913 3329 devolutas
961 3259 1110 3328 Provide
1125 3259 1334 3346 paternitati

167 3359 281 3417 vestre
300 3355 472 3420 attencius
489 3355 724 3440 supplicamus
741 3355 909 3440 quatinus
925 3353 1061 3420 litteras
1078 3352 1280 3439 hujusmodi
1297 3352 1334 3419 in

167 3445 299 3510 scriniis
326 3447 461 3524 vestris,
490 3453 524 3512 et
551 3447 588 3512 in
614 3447 697 3513 locis
723 3446 784 3513 ubi
810 3446 903 3533 ipsas
930 3445 1056 3532 reponi
1076 3444 1332 3523 estimaveritiS,
1385 3499 1388 3503 .
1469 3472 1473 3479 ’

168 3537 367 3622 investigari
381 3539 528 3617 faciatis,
542 3539 571 3604 si
583 3540 709 3625 placet,
724 3537 925 3625 diligencius
938 3543 973 3604 et
986 3536 1114 3624 requiri
1129 3559 1137 3616 ;
1163 3556 1222 3603 eas
1233 3536 1334 3607 nobis

167 3631 445 3696 transmittentes
479 3652 585 3715 quam
619 3632 724 3698 cicius
755 3632 906 3698 facultas
938 3651 974 3696 se
1007 3629 1173 3696 obtulerit
1205 3629 1334 3696 nostris

166 3722 325 3805 precibus
347 3729 382 3787 et
404 3743 520 3788 amore
541 3730 580 3789 ut
602 3724 702 3789 vobis
723 3729 905 3791 teneamur
925 3723 971 3789 ad
990 3721 1124 3809 gracias
1144 3727 1180 3787 et
1200 3720 1334 3808 gracias

167 3814 379 3897 ampliores.5
427 3815 624 3894 Conservet,
649 3823 715 3882 etc.

211 3948 286 4013 703.
333 3931 838 4014 4non.Oct.(Oct.4),1281.
885 3930 1059 4024 Wyltone.
1105 3928 1334 3997 Commission

168 4029 205 4086 to
225 4023 353 4086 Master
371 4021 521 4088 Thomas
539 4023 583 4088 de
601 4023 802 4090 Wakefelde
822 4031 860 4090 to
878 4023 1020 4103 absolve
1037 4022 1168 4110 youths
1186 4024 1333 4109 (pueros)

202 4161 306 4210 1Blank
320 4177 402 4226 space
415 4163 444 4210 in
458 4163 505 4211 the
518 4162 644 4226 original.
664 4163 723 4213 The
809 4161 1003 4229 ⁸Inpungnare
1015 4162 1166 4228 querimus.
1195 4160 1245 4213 Fo.
1262 4162 1322 4214 tes.
1369 4188 1371 4195 v

166 4229 242 4277 word
256 4231 325 4294 quod
338 4243 426 4277 seems
442 4230 625 4294 superfluous.
810 4229 928 4281 ⁴Godfre
961 4229 1193 4295 Giffard,bishop
1206 4229 1237 4278 of
1255 4228 1333 4281 Wor·
1395 4285 1398 4289 ,
1461 4274 1464 4279 ,

201 4295 366 4344 ²Edmundi.
404 4295 452 4345 Fo.
477 4295 535 4345 195.
582 4295 641 4346 The
661 4312 722 4363 pre·
774 4302 873 4355 cester,
952 4296 1024 4347 been
1032 4294 1335 4347 arohdeacononork

165 4363 291 4425 bendary
304 4362 334 4410 ot
353 4363 495 4412 Stanwick
511 4363 540 4411 in
554 4363 603 4411 the
617 4364 722 4415 church
775 4364 916 4481 (Gipprd's
929 4361 1098 4483 ³⁶3&ss
1114 4361 1186 4427 154).

165 4431 195 4477 of
213 4431 388 4546 RiponSwan
403 4429 535 4546 Egmund
554 4430 590 4479 de
608 4431 723 4482 Mande·
811 4431 824 4465 ὅ
860 4430 1040 4485 ritteuz-te.
1097 4427 1334 4497 cet⁸ampliorst

163 4497 260 4546 ville's.
319 4511 350 4545 ee
390 4511 415 4547 ο,
448 4498 473 4547 0.
1060 4534 1064 4543 ·
