<?xml version="1.0" encoding="UTF-8"?>
<!DOCTYPE html PUBLIC "-//W3C//DTD XHTML 1.0 Transitional//EN"
    "http://www.w3.org/TR/xhtml1/DTD/xhtml1-transitional.dtd">
<html xmlns="http://www.w3.org/1999/xhtml" xml:lang="en" lang="en">
 <head>
  <title>
</title>
<meta http-equiv="Content-Type" content="text/html;charset=utf-8" />
  <meta name='ocr-system' content='tesseract 3.04.00' />
  <meta name='ocr-capabilities' content='ocr_page ocr_carea ocr_par ocr_line ocrx_word'/>
</head>
<body>
  <div class='ocr_page' id='page_1' title='image "./registerwilliam00wickgoog_0072.png"; bbox 0 0 2994 4996; ppageno 0'>
   <div class='ocr_carea' id='block_1_1' title="bbox 197 478 1253 541">
    <p class='ocr_par' dir='ltr' id='par_1_1' title="bbox 197 478 1253 541">
     <span class='ocr_line' id='line_1_1' title="bbox 197 478 1253 541; baseline 0.001 -16"><span class='ocrx_word' id='word_1_1' title='bbox 197 479 264 525; x_wconf 79' lang='lat' dir='ltr'>THE</span> <span class='ocrx_word' id='word_1_2' title='bbox 287 479 451 526; x_wconf 88' lang='lat' dir='ltr'>REGISTER</span> <span class='ocrx_word' id='word_1_3' title='bbox 472 480 514 526; x_wconf 89' lang='lat' dir='ltr'>OF</span> <span class='ocrx_word' id='word_1_4' title='bbox 535 480 746 526; x_wconf 82' lang='lat' dir='ltr'>ARCHBISHOP</span> <span class='ocrx_word' id='word_1_5' title='bbox 767 480 915 527; x_wconf 85' lang='lat' dir='ltr'>WILLIAM</span> <span class='ocrx_word' id='word_1_6' title='bbox 936 481 1138 527; x_wconf 81' lang='lat' dir='ltr'><strong>WICKWANE.</strong></span> <span class='ocrx_word' id='word_1_7' title='bbox 1216 478 1253 541; x_wconf 83' lang='grc'>25</span> 
     </span>
    </p>
   </div>
   <div class='ocr_carea' id='block_1_2' title="bbox 88 659 1422 3499">
    <p class='ocr_par' dir='ltr' id='par_1_2' title="bbox 88 659 1256 1184">
     <span class='ocr_line' id='line_1_2' title="bbox 88 659 1256 744; baseline 0.001 -21"><span class='ocrx_word' id='word_1_8' title='bbox 88 661 261 724; x_wconf 91' lang='lat' dir='ltr'>confiteor</span> <span class='ocrx_word' id='word_1_9' title='bbox 280 660 315 723; x_wconf 93' lang='lat' dir='ltr'>in</span> <span class='ocrx_word' id='word_1_10' title='bbox 336 660 400 723; x_wconf 92' lang='lat' dir='ltr'>hiis</span> <span class='ocrx_word' id='word_1_11' title='bbox 420 660 555 744; x_wconf 88' lang='lat' dir='ltr'>scriptis</span> <span class='ocrx_word' id='word_1_12' title='bbox 575 680 630 724; x_wconf 95' lang='lat' dir='ltr'>me</span> <span class='ocrx_word' id='word_1_13' title='bbox 651 681 671 724; x_wconf 93' lang='lat' dir='ltr'>a</span> <span class='ocrx_word' id='word_1_14' title='bbox 691 660 852 744; x_wconf 91' lang='lat' dir='ltr'>regimine</span> <span class='ocrx_word' id='word_1_15' title='bbox 873 659 957 725; x_wconf 91' lang='lat' dir='ltr'>dicti</span> <span class='ocrx_word' id='word_1_16' title='bbox 977 661 1175 724; x_wconf 91' lang='lat' dir='ltr'>monasterii</span> <span class='ocrx_word' id='word_1_17' title='bbox 1196 680 1256 744; x_wconf 92' lang='lat' dir='ltr'>per</span> 
     </span>
     <span class='ocr_line' id='line_1_3' title="bbox 88 751 1255 836; baseline 0 -21"><span class='ocrx_word' id='word_1_18' title='bbox 88 772 156 816; x_wconf 94' lang='lat' dir='ltr'>vos</span> <span class='ocrx_word' id='word_1_19' title='bbox 184 752 249 816; x_wconf 90' lang='lat' dir='ltr'>rite</span> <span class='ocrx_word' id='word_1_20' title='bbox 276 751 475 817; x_wconf 91' lang='lat' dir='ltr'>absolutum</span> <span class='ocrx_word' id='word_1_21' title='bbox 501 758 536 816; x_wconf 91' lang='lat' dir='ltr'>et</span> <span class='ocrx_word' id='word_1_22' title='bbox 564 759 768 829; x_wconf 89' lang='lat' dir='ltr'>ammotum‚</span> <span class='ocrx_word' id='word_1_23' title='bbox 796 753 1087 836; x_wconf 90' lang='lat' dir='ltr'>appellacionibus</span> <span class='ocrx_word' id='word_1_24' title='bbox 1114 773 1175 836; x_wconf 95' lang='lat' dir='ltr'>per</span> <span class='ocrx_word' id='word_1_25' title='bbox 1200 772 1255 815; x_wconf 91' lang='lat' dir='ltr'>me</span> 
     </span>
     <span class='ocr_line' id='line_1_4' title="bbox 89 843 1255 928; baseline 0 -21"><span class='ocrx_word' id='word_1_26' title='bbox 89 844 207 921; x_wconf 78' lang='lat' dir='ltr'>factiS,</span> <span class='ocrx_word' id='word_1_27' title='bbox 230 844 390 908; x_wconf 90' lang='lat' dir='ltr'>omnibus</span> <span class='ocrx_word' id='word_1_28' title='bbox 412 844 714 928; x_wconf 89' lang='lat' dir='ltr'>impetracionibus</span> <span class='ocrx_word' id='word_1_29' title='bbox 736 843 911 921; x_wconf 65' lang='lat' dir='ltr'>iaciendis</span> <span class='ocrx_word' id='word_1_30' title='bbox 934 851 969 908; x_wconf 92' lang='lat' dir='ltr'>et</span> <span class='ocrx_word' id='word_1_31' title='bbox 990 844 1084 914; x_wconf 89' lang='lat' dir='ltr'>omni</span> <span class='ocrx_word' id='word_1_32' title='bbox 1106 843 1255 908; x_wconf 93' lang='lat' dir='ltr'>remedio</span> 
     </span>
     <span class='ocr_line' id='line_1_5' title="bbox 88 935 1254 1020; baseline 0 -21"><span class='ocrx_word' id='word_1_33' title='bbox 88 936 118 999; x_wconf 92' lang='lat' dir='ltr'>si</span> <span class='ocrx_word' id='word_1_34' title='bbox 137 935 232 1020; x_wconf 90' lang='lat' dir='ltr'>quod</span> <span class='ocrx_word' id='word_1_35' title='bbox 247 935 351 1000; x_wconf 92' lang='lat' dir='ltr'>michi</span> <span class='ocrx_word' id='word_1_36' title='bbox 366 942 559 1019; x_wconf 74' lang='lat' dir='ltr'>competere</span> <span class='ocrx_word' id='word_1_37' title='bbox 574 936 700 1013; x_wconf 87' lang='lat' dir='ltr'>valeat,</span> <span class='ocrx_word' id='word_1_38' title='bbox 718 935 879 1000; x_wconf 93' lang='lat' dir='ltr'>renuncio</span> <span class='ocrx_word' id='word_1_39' title='bbox 894 942 1028 1019; x_wconf 90' lang='lat' dir='ltr'>sponte,</span> <span class='ocrx_word' id='word_1_40' title='bbox 1045 935 1254 1019; x_wconf 91' lang='lat' dir='ltr'>simpliciter,</span> 
     </span>
     <span class='ocr_line' id='line_1_6' title="bbox 89 1027 1256 1112; baseline 0 -21"><span class='ocrx_word' id='word_1_41' title='bbox 89 1035 128 1091; x_wconf 90' lang='lat' dir='ltr'>et</span> <span class='ocrx_word' id='word_1_42' title='bbox 151 1027 320 1104; x_wconf 91' lang='lat' dir='ltr'>absolute,</span> <span class='ocrx_word' id='word_1_43' title='bbox 344 1048 384 1092; x_wconf 90' lang='lat' dir='ltr'>ac</span> <span class='ocrx_word' id='word_1_44' title='bbox 406 1027 616 1092; x_wconf 92' lang='lat' dir='ltr'>ordinacioni</span> <span class='ocrx_word' id='word_1_45' title='bbox 638 1034 673 1092; x_wconf 92' lang='lat' dir='ltr'>et</span> <span class='ocrx_word' id='word_1_46' title='bbox 694 1028 805 1112; x_wconf 83' lang='lat' dir='ltr'>gracie</span> <span class='ocrx_word' id='word_1_47' title='bbox 827 1033 940 1091; x_wconf 83' lang='lat' dir='ltr'>vestre</span> <span class='ocrx_word' id='word_1_48' title='bbox 962 1028 997 1090; x_wconf 93' lang='lat' dir='ltr'>in</span> <span class='ocrx_word' id='word_1_49' title='bbox 1020 1028 1179 1092; x_wconf 92' lang='lat' dir='ltr'>omnibus</span> <span class='ocrx_word' id='word_1_50' title='bbox 1200 1048 1256 1091; x_wconf 93' lang='lat' dir='ltr'>me</span> 
     </span>
     <span class='ocr_line' id='line_1_7' title="bbox 88 1119 275 1184; baseline 0.011 -2"><span class='ocrx_word' id='word_1_51' title='bbox 88 1119 275 1184; x_wconf 82' lang='lat' dir='ltr'>submitto</span> 
     </span>
    </p>

    <p class='ocr_par' dir='ltr' id='par_1_3' title="bbox 89 1211 1422 2122">
     <span class='ocr_line' id='line_1_8' title="bbox 138 1211 1422 1296; baseline 0 -22"><span class='ocrx_word' id='word_1_52' title='bbox 138 1211 282 1275; x_wconf 91' lang='lat' dir='ltr'>Amocio</span> <span class='ocrx_word' id='word_1_53' title='bbox 313 1211 450 1276; x_wconf 93' lang='lat' dir='ltr'>abbatis</span> <span class='ocrx_word' id='word_1_54' title='bbox 483 1211 525 1275; x_wconf 92' lang='lat' dir='ltr'>de</span> <span class='ocrx_word' id='word_1_55' title='bbox 562 1211 695 1296; x_wconf 84' lang='lat' dir='ltr'>Seleby.</span> <span class='ocrx_word' id='word_1_56' title='bbox 751 1211 971 1276; x_wconf 84' lang='lat' dir='ltr'>Serenissimo</span> <span class='ocrx_word' id='word_1_57' title='bbox 1007 1211 1146 1275; x_wconf 93' lang='lat' dir='ltr'>domino</span> <span class='ocrx_word' id='word_1_58' title='bbox 1182 1231 1255 1289; x_wconf 88' lang='lat' dir='ltr'>suo,</span> <span class='ocrx_word' id='word_1_59' title='bbox 1270 1247 1422 1287; x_wconf 52' lang='lat' dir='ltr'>mmm,</span> 
     </span>
     <span class='ocr_line' id='line_1_9' title="bbox 91 1298 1385 1398; baseline 0 -32"><span class='ocrx_word' id='word_1_60' title='bbox 91 1311 161 1368; x_wconf 91' lang='lat' dir='ltr'>etc.</span> <span class='ocrx_word' id='word_1_61' title='bbox 214 1303 405 1368; x_wconf 85' lang='lat' dir='ltr'>Excellenti</span> <span class='ocrx_word' id='word_1_62' title='bbox 442 1302 672 1368; x_wconf 81' lang='lat' dir='ltr'>dominacioni</span> <span class='ocrx_word' id='word_1_63' title='bbox 709 1309 822 1367; x_wconf 84' lang='lat' dir='ltr'>vestre</span> <span class='ocrx_word' id='word_1_64' title='bbox 858 1310 982 1367; x_wconf 92' lang='lat' dir='ltr'>notum</span> <span class='ocrx_word' id='word_1_65' title='bbox 1020 1303 1165 1367; x_wconf 85' lang='lat' dir='ltr'>iacimus</span> <span class='ocrx_word' id='word_1_66' title='bbox 1196 1323 1257 1387; x_wconf 89' lang='lat' dir='ltr'>per</span> <span class='ocrx_word' id='word_1_67' title='bbox 1270 1298 1385 1398; x_wconf 53' lang='lat' dir='ltr'>ffiffiming</span> 
     </span>
     <span class='ocr_line' id='line_1_10' title="bbox 89 1394 1394 1488; baseline 0.002 -30"><span class='ocrx_word' id='word_1_68' title='bbox 89 1401 270 1479; x_wconf 87' lang='lat' dir='ltr'>presentes</span> <span class='ocrx_word' id='word_1_69' title='bbox 291 1394 385 1479; x_wconf 94' lang='lat' dir='ltr'>quod</span> <span class='ocrx_word' id='word_1_70' title='bbox 405 1396 586 1472; x_wconf 89' lang='lat' dir='ltr'>Thomam,</span> <span class='ocrx_word' id='word_1_71' title='bbox 608 1395 784 1479; x_wconf 89' lang='lat' dir='ltr'>quondam</span> <span class='ocrx_word' id='word_1_72' title='bbox 806 1396 970 1460; x_wconf 86' lang='lat' dir='ltr'>abbatem</span> <span class='ocrx_word' id='word_1_73' title='bbox 992 1394 1034 1459; x_wconf 91' lang='lat' dir='ltr'>de</span> <span class='ocrx_word' id='word_1_74' title='bbox 1056 1394 1189 1479; x_wconf 85' lang='lat' dir='ltr'>Seleby,</span> <span class='ocrx_word' id='word_1_75' title='bbox 1212 1394 1257 1460; x_wconf 95' lang='lat' dir='ltr'>ad</span> <span class='ocrx_word' id='word_1_76' title='bbox 1269 1399 1348 1488; x_wconf 46' lang='lat'>{¹32¹</span> <span class='ocrx_word' id='word_1_77' title='bbox 1358 1400 1394 1439; x_wconf 66' lang='lat'>“¹⁶</span> 
     </span>
     <span class='ocr_line' id='line_1_11' title="bbox 90 1487 1258 1571; baseline 0 -21"><span class='ocrx_word' id='word_1_78' title='bbox 90 1487 306 1570; x_wconf 87' lang='lat' dir='ltr'>exigenciam</span> <span class='ocrx_word' id='word_1_79' title='bbox 327 1487 494 1551; x_wconf 92' lang='lat' dir='ltr'>viciorum</span> <span class='ocrx_word' id='word_1_80' title='bbox 514 1493 549 1551; x_wconf 94' lang='lat' dir='ltr'>et</span> <span class='ocrx_word' id='word_1_81' title='bbox 569 1487 811 1571; x_wconf 88' lang='lat' dir='ltr'>multiplicium</span> <span class='ocrx_word' id='word_1_82' title='bbox 833 1487 1077 1551; x_wconf 91' lang='lat' dir='ltr'>demeritorum</span> <span class='ocrx_word' id='word_1_83' title='bbox 1098 1488 1214 1571; x_wconf 70' lang='lat' dir='ltr'>ipsius</span> <span class='ocrx_word' id='word_1_84' title='bbox 1237 1507 1258 1550; x_wconf 90' lang='lat' dir='ltr'>a</span> 
     </span>
     <span class='ocr_line' id='line_1_12' title="bbox 90 1579 1259 1663; baseline 0 -21"><span class='ocrx_word' id='word_1_85' title='bbox 90 1579 265 1663; x_wconf 83' lang='lat' dir='ltr'>dignitate</span> <span class='ocrx_word' id='word_1_86' title='bbox 304 1585 339 1643; x_wconf 92' lang='lat' dir='ltr'>et</span> <span class='ocrx_word' id='word_1_87' title='bbox 376 1579 515 1643; x_wconf 91' lang='lat' dir='ltr'>nomine</span> <span class='ocrx_word' id='word_1_88' title='bbox 554 1580 691 1643; x_wconf 93' lang='lat' dir='ltr'>abbatis</span> <span class='ocrx_word' id='word_1_89' title='bbox 730 1585 764 1643; x_wconf 93' lang='lat' dir='ltr'>et</span> <span class='ocrx_word' id='word_1_90' title='bbox 803 1580 967 1643; x_wconf 90' lang='lat' dir='ltr'>abbathie</span> <span class='ocrx_word' id='word_1_91' title='bbox 1005 1579 1259 1643; x_wconf 87' lang='lat' dir='ltr'>sentencialiter</span> 
     </span>
     <span class='ocr_line' id='line_1_13' title="bbox 90 1670 1257 1755; baseline 0 -21"><span class='ocrx_word' id='word_1_92' title='bbox 90 1670 327 1734; x_wconf 89' lang='lat' dir='ltr'>ammovimus</span> <span class='ocrx_word' id='word_1_93' title='bbox 343 1677 383 1735; x_wconf 90' lang='lat' dir='ltr'>ut</span> <span class='ocrx_word' id='word_1_94' title='bbox 399 1670 578 1755; x_wconf 91' lang='lat' dir='ltr'>indignum</span> <span class='ocrx_word' id='word_1_95' title='bbox 594 1694 601 1748; x_wconf 85' lang='lat'>3</span> <span class='ocrx_word' id='word_1_96' title='bbox 633 1671 725 1736; x_wconf 90' lang='lat' dir='ltr'>unde</span> <span class='ocrx_word' id='word_1_97' title='bbox 741 1671 830 1736; x_wconf 92' lang='lat' dir='ltr'>circa</span> <span class='ocrx_word' id='word_1_98' title='bbox 846 1677 1048 1736; x_wconf 92' lang='lat' dir='ltr'>consuetam</span> <span class='ocrx_word' id='word_1_99' title='bbox 1064 1670 1257 1735; x_wconf 90' lang='lat' dir='ltr'>custodiam</span> 
     </span>
     <span class='ocr_line' id='line_1_14' title="bbox 90 1762 1256 1847; baseline 0 -21"><span class='ocrx_word' id='word_1_100' title='bbox 90 1763 295 1826; x_wconf 88' lang='lat' dir='ltr'>monasterii</span> <span class='ocrx_word' id='word_1_101' title='bbox 315 1762 357 1826; x_wconf 90' lang='lat' dir='ltr'>de</span> <span class='ocrx_word' id='word_1_102' title='bbox 382 1762 506 1847; x_wconf 88' lang='lat' dir='ltr'>Seleby</span> <span class='ocrx_word' id='word_1_103' title='bbox 530 1763 631 1846; x_wconf 88' lang='lat' dir='ltr'>regia,</span> <span class='ocrx_word' id='word_1_104' title='bbox 649 1763 677 1826; x_wconf 93' lang='lat' dir='ltr'>si</span> <span class='ocrx_word' id='word_1_105' title='bbox 702 1762 827 1846; x_wconf 90' lang='lat' dir='ltr'>placet,</span> <span class='ocrx_word' id='word_1_106' title='bbox 845 1762 1026 1847; x_wconf 88' lang='lat' dir='ltr'>disposicio</span> <span class='ocrx_word' id='word_1_107' title='bbox 1051 1783 1086 1826; x_wconf 90' lang='lat' dir='ltr'>se</span> <span class='ocrx_word' id='word_1_108' title='bbox 1102 1763 1256 1838; x_wconf 90' lang='lat' dir='ltr'>ulterius,</span> 
     </span>
     <span class='ocr_line' id='line_1_15' title="bbox 90 1853 1258 1938; baseline 0 -20"><span class='ocrx_word' id='word_1_109' title='bbox 90 1853 285 1919; x_wconf 89' lang='lat' dir='ltr'>secundum</span> <span class='ocrx_word' id='word_1_110' title='bbox 303 1853 397 1938; x_wconf 92' lang='lat' dir='ltr'>quod</span> <span class='ocrx_word' id='word_1_111' title='bbox 414 1860 568 1918; x_wconf 92' lang='lat' dir='ltr'>vestrum</span> <span class='ocrx_word' id='word_1_112' title='bbox 587 1861 650 1931; x_wconf 90' lang='lat' dir='ltr'>est,</span> <span class='ocrx_word' id='word_1_113' title='bbox 662 1854 706 1918; x_wconf 93' lang='lat' dir='ltr'>ad</span> <span class='ocrx_word' id='word_1_114' title='bbox 725 1855 789 1918; x_wconf 93' lang='lat' dir='ltr'>Dei</span> <span class='ocrx_word' id='word_1_115' title='bbox 801 1855 1066 1938; x_wconf 87' lang='lat' dir='ltr'>beneplacitum,</span> <span class='ocrx_word' id='word_1_116' title='bbox 1086 1855 1258 1918; x_wconf 90' lang='lat' dir='ltr'>meritorie</span> 
     </span>
     <span class='ocr_line' id='line_1_16' title="bbox 91 1946 1258 2031; baseline 0 -21"><span class='ocrx_word' id='word_1_117' title='bbox 91 1946 320 2010; x_wconf 92' lang='lat' dir='ltr'>intromittat.</span> <span class='ocrx_word' id='word_1_118' title='bbox 368 1947 564 2024; x_wconf 85' lang='lat' dir='ltr'>Conservet,</span> <span class='ocrx_word' id='word_1_119' title='bbox 610 1952 674 2011; x_wconf 91' lang='lat' dir='ltr'>etc.</span> <span class='ocrx_word' id='word_1_120' title='bbox 722 1947 854 2010; x_wconf 91' lang='lat' dir='ltr'>Datum</span> <span class='ocrx_word' id='word_1_121' title='bbox 899 1946 992 2030; x_wconf 86' lang='lat' dir='ltr'>apud</span> <span class='ocrx_word' id='word_1_122' title='bbox 1036 1946 1160 2031; x_wconf 87' lang='lat' dir='ltr'>Seleby</span> <span class='ocrx_word' id='word_1_123' title='bbox 1204 1946 1258 2010; x_wconf 93' lang='lat' dir='ltr'>die</span> 
     </span>
     <span class='ocr_line' id='line_1_17' title="bbox 92 2038 410 2122; baseline 0.003 -21"><span class='ocrx_word' id='word_1_124' title='bbox 92 2038 218 2102; x_wconf 88' lang='lat' dir='ltr'>Martis</span> <span class='ocrx_word' id='word_1_125' title='bbox 237 2044 277 2102; x_wconf 90' lang='lat' dir='ltr'>ut</span> <span class='ocrx_word' id='word_1_126' title='bbox 296 2058 410 2122; x_wconf 89' lang='lat' dir='ltr'>supra.</span> 
     </span>
    </p>

    <p class='ocr_par' dir='ltr' id='par_1_4' title="bbox 91 2103 1419 2949">
     <span class='ocr_line' id='line_1_18' title="bbox 138 2103 1419 2215; baseline -0.001 -21"><span class='ocrx_word' id='word_1_127' title='bbox 138 2129 194 2213; x_wconf 77' lang='lat'>76.</span> <span class='ocrx_word' id='word_1_128' title='bbox 240 2129 359 2194; x_wconf 79' lang='lat' dir='ltr'>onus</span> <span class='ocrx_word' id='word_1_129' title='bbox 383 2130 466 2195; x_wconf 76' lang='lat' dir='ltr'>Feb.</span> <span class='ocrx_word' id='word_1_130' title='bbox 490 2130 585 2213; x_wconf 77' lang='lat' dir='ltr'>(Feb.</span> <span class='ocrx_word' id='word_1_131' title='bbox 603 2130 635 2206; x_wconf 83' lang='lat' dir='ltr'>a,</span> <span class='ocrx_word' id='word_1_132' title='bbox 657 2131 825 2215; x_wconf 80' lang='lat'>1279-80),</span> <span class='ocrx_word' id='word_1_133' title='bbox 872 2129 1117 2214; x_wconf 81' lang='lat' dir='ltr'>Schyrebum.1</span> <span class='ocrx_word' id='word_1_134' title='bbox 1165 2103 1419 2204; x_wconf 53' lang='lat' dir='ltr'>nov-binata</span> 
     </span>
     <span class='ocr_line' id='line_1_19' title="bbox 91 2204 1408 2306; baseline -0.001 -20"><span class='ocrx_word' id='word_1_135' title='bbox 91 2222 185 2286; x_wconf 91' lang='lat' dir='ltr'>erint</span> <span class='ocrx_word' id='word_1_136' title='bbox 205 2223 355 2286; x_wconf 92' lang='lat' dir='ltr'>universi</span> <span class='ocrx_word' id='word_1_137' title='bbox 378 2221 472 2306; x_wconf 94' lang='lat' dir='ltr'>quod</span> <span class='ocrx_word' id='word_1_138' title='bbox 495 2242 568 2300; x_wconf 94' lang='lat' dir='ltr'>nos,</span> <span class='ocrx_word' id='word_1_139' title='bbox 583 2222 649 2298; x_wconf 73' lang='lat' dir='ltr'>W,</span> <span class='ocrx_word' id='word_1_140' title='bbox 665 2229 742 2299; x_wconf 83' lang='lat' dir='ltr'>etc,</span> <span class='ocrx_word' id='word_1_141' title='bbox 759 2223 911 2287; x_wconf 89' lang='lat' dir='ltr'>litteram</span> <span class='ocrx_word' id='word_1_142' title='bbox 933 2222 1092 2306; x_wconf 91' lang='lat' dir='ltr'>papalem</span> <span class='ocrx_word' id='word_1_143' title='bbox 1114 2204 1408 2303; x_wconf 63' lang='lat' dir='ltr'>[nobis]2{f,t1‘{23{‘¹‘</span> 
     </span>
     <span class='ocr_line' id='line_1_20' title="bbox 93 2313 1257 2398; baseline 0 -21"><span class='ocrx_word' id='word_1_144' title='bbox 93 2334 201 2397; x_wconf 90' lang='lat' dir='ltr'>super</span> <span class='ocrx_word' id='word_1_145' title='bbox 223 2313 479 2398; x_wconf 90' lang='lat' dir='ltr'>dispensacione</span> <span class='ocrx_word' id='word_1_146' title='bbox 502 2315 672 2378; x_wconf 89' lang='lat' dir='ltr'>natalium</span> <span class='ocrx_word' id='word_1_147' title='bbox 694 2313 769 2377; x_wconf 89' lang='lat' dir='ltr'>Ade</span> <span class='ocrx_word' id='word_1_148' title='bbox 792 2313 834 2377; x_wconf 91' lang='lat' dir='ltr'>de</span> <span class='ocrx_word' id='word_1_149' title='bbox 858 2314 1029 2378; x_wconf 89' lang='lat' dir='ltr'>Boultone</span> <span class='ocrx_word' id='word_1_150' title='bbox 1052 2321 1257 2397; x_wconf 86' lang='lat' dir='ltr'>porrectam,</span> 
     </span>
     <span class='ocr_line' id='line_1_21' title="bbox 92 2406 1257 2490; baseline 0.001 -22"><span class='ocrx_word' id='word_1_151' title='bbox 92 2407 285 2469; x_wconf 89' lang='lat' dir='ltr'>summaria</span> <span class='ocrx_word' id='word_1_152' title='bbox 308 2406 516 2470; x_wconf 90' lang='lat' dir='ltr'>discussione</span> <span class='ocrx_word' id='word_1_153' title='bbox 543 2406 736 2490; x_wconf 90' lang='lat' dir='ltr'>prehabita‚</span> <span class='ocrx_word' id='word_1_154' title='bbox 760 2412 933 2490; x_wconf 90' lang='lat' dir='ltr'>quatenus</span> <span class='ocrx_word' id='word_1_155' title='bbox 961 2406 1005 2470; x_wconf 93' lang='lat' dir='ltr'>ad</span> <span class='ocrx_word' id='word_1_156' title='bbox 1032 2426 1095 2469; x_wconf 89' lang='lat' dir='ltr'>nos</span> <span class='ocrx_word' id='word_1_157' title='bbox 1119 2407 1257 2483; x_wconf 90' lang='lat' dir='ltr'>attinet,</span> 
     </span>
     <span class='ocr_line' id='line_1_22' title="bbox 93 2496 1259 2582; baseline 0.002 -22"><span class='ocrx_word' id='word_1_158' title='bbox 93 2498 341 2581; x_wconf 66' lang='lat' dir='ltr'>approbamus</span> <span class='ocrx_word' id='word_1_159' title='bbox 363 2497 414 2562; x_wconf 96' lang='lat' dir='ltr'>ita</span> <span class='ocrx_word' id='word_1_160' title='bbox 434 2497 529 2581; x_wconf 91' lang='lat' dir='ltr'>quod</span> <span class='ocrx_word' id='word_1_161' title='bbox 550 2497 660 2561; x_wconf 91' lang='lat' dir='ltr'>eidem</span> <span class='ocrx_word' id='word_1_162' title='bbox 682 2497 949 2582; x_wconf 92' lang='lat' dir='ltr'>dispensacionis</span> <span class='ocrx_word' id='word_1_163' title='bbox 969 2496 1120 2562; x_wconf 88' lang='lat' dir='ltr'>efficacia</span> <span class='ocrx_word' id='word_1_164' title='bbox 1140 2517 1259 2562; x_wconf 91' lang='lat' dir='ltr'>secun-</span> 
     </span>
     <span class='ocr_line' id='line_1_23' title="bbox 93 2588 1257 2673; baseline 0.001 -21"><span class='ocrx_word' id='word_1_165' title='bbox 93 2589 182 2652; x_wconf 93' lang='lat' dir='ltr'>dum</span> <span class='ocrx_word' id='word_1_166' title='bbox 197 2588 442 2654; x_wconf 90' lang='lat' dir='ltr'>limitacionem</span> <span class='ocrx_word' id='word_1_167' title='bbox 459 2590 623 2673; x_wconf 89' lang='lat' dir='ltr'>temporis</span> <span class='ocrx_word' id='word_1_168' title='bbox 640 2589 724 2653; x_wconf 93' lang='lat' dir='ltr'>inibi</span> <span class='ocrx_word' id='word_1_169' title='bbox 747 2595 959 2666; x_wconf 91' lang='lat' dir='ltr'>contentam,</span> <span class='ocrx_word' id='word_1_170' title='bbox 980 2590 1036 2653; x_wconf 92' lang='lat' dir='ltr'>vel</span> <span class='ocrx_word' id='word_1_171' title='bbox 1052 2589 1167 2654; x_wconf 87' lang='lat' dir='ltr'>saltim</span> <span class='ocrx_word' id='word_1_172' title='bbox 1184 2590 1257 2671; x_wconf 80' lang='lat' dir='ltr'>(sic)</span> 
     </span>
     <span class='ocr_line' id='line_1_24' title="bbox 93 2680 1259 2765; baseline 0.001 -21"><span class='ocrx_word' id='word_1_173' title='bbox 93 2680 218 2757; x_wconf 92' lang='lat' dir='ltr'>donec,</span> <span class='ocrx_word' id='word_1_174' title='bbox 256 2681 409 2745; x_wconf 91' lang='lat' dir='ltr'>moribus</span> <span class='ocrx_word' id='word_1_175' title='bbox 446 2682 516 2745; x_wconf 90' lang='lat' dir='ltr'>suis</span> <span class='ocrx_word' id='word_1_176' title='bbox 554 2688 588 2746; x_wconf 92' lang='lat' dir='ltr'>et</span> <span class='ocrx_word' id='word_1_177' title='bbox 626 2682 757 2745; x_wconf 91' lang='lat' dir='ltr'>meritis</span> <span class='ocrx_word' id='word_1_178' title='bbox 795 2681 1069 2765; x_wconf 68' lang='lat' dir='ltr'>deposcentibus</span> <span class='ocrx_word' id='word_1_179' title='bbox 1108 2682 1259 2765; x_wconf 86' lang='lat' dir='ltr'>graciam</span> 
     </span>
     <span class='ocr_line' id='line_1_25' title="bbox 92 2773 1259 2857; baseline 0.001 -22"><span class='ocrx_word' id='word_1_180' title='bbox 92 2774 268 2855; x_wconf 91' lang='lat' dir='ltr'>pociorem</span> <span class='ocrx_word' id='word_1_181' title='bbox 292 2773 454 2837; x_wconf 90' lang='lat' dir='ltr'>meruerit</span> <span class='ocrx_word' id='word_1_182' title='bbox 477 2774 543 2838; x_wconf 92' lang='lat' dir='ltr'>sub</span> <span class='ocrx_word' id='word_1_183' title='bbox 572 2774 754 2838; x_wconf 89' lang='lat' dir='ltr'>eventibus</span> <span class='ocrx_word' id='word_1_184' title='bbox 777 2773 949 2837; x_wconf 91' lang='lat' dir='ltr'>virtutum</span> <span class='ocrx_word' id='word_1_185' title='bbox 972 2793 1059 2857; x_wconf 89' lang='lat' dir='ltr'>quas</span> <span class='ocrx_word' id='word_1_186' title='bbox 1082 2793 1259 2857; x_wconf 91' lang='lat' dir='ltr'>speramus</span> 
     </span>
     <span class='ocr_line' id='line_1_26' title="bbox 92 2863 991 2949; baseline 0.002 -23"><span class='ocrx_word' id='word_1_187' title='bbox 92 2864 131 2927; x_wconf 91' lang='lat' dir='ltr'>in</span> <span class='ocrx_word' id='word_1_188' title='bbox 155 2863 286 2942; x_wconf 90' lang='lat' dir='ltr'>eodem,</span> <span class='ocrx_word' id='word_1_189' title='bbox 303 2864 415 2928; x_wconf 90' lang='lat' dir='ltr'>medio</span> <span class='ocrx_word' id='word_1_190' title='bbox 434 2870 588 2948; x_wconf 91' lang='lat' dir='ltr'>tempore</span> <span class='ocrx_word' id='word_1_191' title='bbox 606 2864 755 2949; x_wconf 88' lang='lat' dir='ltr'>pendeat</span> <span class='ocrx_word' id='word_1_192' title='bbox 774 2871 808 2929; x_wconf 89' lang='lat' dir='ltr'>et</span> <span class='ocrx_word' id='word_1_193' title='bbox 826 2865 991 2949; x_wconf 89' lang='lat' dir='ltr'>quiescat.</span> 
     </span>
    </p>

    <p class='ocr_par' dir='ltr' id='par_1_5' title="bbox 93 2955 1260 3224">
     <span class='ocr_line' id='line_1_27' title="bbox 140 2955 1258 3041; baseline 0.002 -22"><span class='ocrx_word' id='word_1_194' title='bbox 140 2973 195 3038; x_wconf 91' lang='lat'>77.</span> <span class='ocrx_word' id='word_1_195' title='bbox 244 2955 284 3019; x_wconf 88' lang='lat'>16</span> <span class='ocrx_word' id='word_1_196' title='bbox 315 2956 383 3020; x_wconf 88' lang='lat' dir='ltr'>kal.</span> <span class='ocrx_word' id='word_1_197' title='bbox 411 2957 528 3021; x_wconf 87' lang='lat' dir='ltr'>Marcii</span> <span class='ocrx_word' id='word_1_198' title='bbox 561 2956 656 3038; x_wconf 90' lang='lat' dir='ltr'>(Feb.</span> <span class='ocrx_word' id='word_1_199' title='bbox 691 2961 757 3038; x_wconf 84' lang='lat'>14),</span> <span class='ocrx_word' id='word_1_200' title='bbox 785 2956 938 3041; x_wconf 87' lang='lat'>1279·80.</span> <span class='ocrx_word' id='word_1_201' title='bbox 985 2956 1258 3041; x_wconf 86' lang='lat' dir='ltr'>Styvelingtone.</span> 
     </span>
     <span class='ocr_line' id='line_1_28' title="bbox 93 3046 1260 3113; baseline 0.003 -3"><span class='ocrx_word' id='word_1_202' title='bbox 93 3046 295 3111; x_wconf 88' lang='lat' dir='ltr'>Admission</span> <span class='ocrx_word' id='word_1_203' title='bbox 329 3047 398 3111; x_wconf 93' lang='lat' dir='ltr'>and</span> <span class='ocrx_word' id='word_1_204' title='bbox 431 3048 629 3112; x_wconf 88' lang='lat' dir='ltr'>institution</span> <span class='ocrx_word' id='word_1_205' title='bbox 663 3049 700 3112; x_wconf 79' lang='lat' dir='ltr'>of</span> <span class='ocrx_word' id='word_1_206' title='bbox 732 3048 882 3112; x_wconf 92' lang='lat' dir='ltr'>Thomas</span> <span class='ocrx_word' id='word_1_207' title='bbox 916 3048 1095 3112; x_wconf 86' lang='lat' dir='ltr'>Braundes</span> <span class='ocrx_word' id='word_1_208' title='bbox 1129 3055 1166 3113; x_wconf 90' lang='lat' dir='ltr'>to</span> <span class='ocrx_word' id='word_1_209' title='bbox 1201 3050 1260 3113; x_wconf 93' lang='lat' dir='ltr'>the</span> 
     </span>
     <span class='ocr_line' id='line_1_29' title="bbox 93 3139 1200 3224; baseline 0.001 -21"><span class='ocrx_word' id='word_1_210' title='bbox 93 3139 226 3204; x_wconf 92' lang='lat' dir='ltr'>church</span> <span class='ocrx_word' id='word_1_211' title='bbox 242 3140 278 3203; x_wconf 84' lang='lat' dir='ltr'>oi</span> <span class='ocrx_word' id='word_1_212' title='bbox 292 3139 456 3224; x_wconf 86' lang='lat' dir='ltr'>Triberg&#39;,</span> <span class='ocrx_word' id='word_1_213' title='bbox 473 3160 518 3203; x_wconf 97' lang='lat' dir='ltr'>on</span> <span class='ocrx_word' id='word_1_214' title='bbox 535 3140 593 3204; x_wconf 94' lang='lat' dir='ltr'>the</span> <span class='ocrx_word' id='word_1_215' title='bbox 609 3160 696 3223; x_wconf 93' lang='lat' dir='ltr'>pres.</span> <span class='ocrx_word' id='word_1_216' title='bbox 714 3141 751 3203; x_wconf 87' lang='lat' dir='ltr'>oi</span> <span class='ocrx_word' id='word_1_217' title='bbox 765 3139 879 3204; x_wconf 89' lang='lat' dir='ltr'>Adam</span> <span class='ocrx_word' id='word_1_218' title='bbox 895 3139 937 3203; x_wconf 92' lang='lat' dir='ltr'>de</span> <span class='ocrx_word' id='word_1_219' title='bbox 954 3139 1200 3205; x_wconf 91' lang='lat' dir='ltr'>Normanville.</span> 
     </span>
    </p>

    <p class='ocr_par' dir='ltr' id='par_1_6' title="bbox 91 3230 1386 3499">
     <span class='ocr_line' id='line_1_30' title="bbox 139 3230 1380 3316; baseline 0.006 -21"><span class='ocrx_word' id='word_1_220' title='bbox 139 3230 194 3315; x_wconf 91' lang='lat'>78.</span> <span class='ocrx_word' id='word_1_221' title='bbox 244 3249 285 3313; x_wconf 91' lang='lat'>14</span> <span class='ocrx_word' id='word_1_222' title='bbox 307 3232 374 3296; x_wconf 91' lang='lat' dir='ltr'>kal.</span> <span class='ocrx_word' id='word_1_223' title='bbox 400 3231 516 3296; x_wconf 93' lang='lat' dir='ltr'>Marcii</span> <span class='ocrx_word' id='word_1_224' title='bbox 548 3231 643 3313; x_wconf 89' lang='lat' dir='ltr'>(Feb.</span> <span class='ocrx_word' id='word_1_225' title='bbox 669 3231 721 3308; x_wconf 88' lang='lat'>16,</span> <span class='ocrx_word' id='word_1_226' title='bbox 757 3232 924 3316; x_wconf 84' lang='lat'>1279-80).</span> <span class='ocrx_word' id='word_1_227' title='bbox 971 3231 1075 3315; x_wconf 88' lang='lat' dir='ltr'>Apud</span> <span class='ocrx_word' id='word_1_228' title='bbox 1105 3231 1380 3302; x_wconf 65' lang='lat' dir='ltr'>Novum-nuato</span> 
     </span>
     <span class='ocr_line' id='line_1_31' title="bbox 93 3312 1386 3407; baseline 0 -19"><span class='ocrx_word' id='word_1_229' title='bbox 93 3325 256 3407; x_wconf 88' lang='lat' dir='ltr'>burgum.</span> <span class='ocrx_word' id='word_1_230' title='bbox 274 3323 340 3400; x_wconf 69' lang='lat' dir='ltr'>W„</span> <span class='ocrx_word' id='word_1_231' title='bbox 353 3331 430 3400; x_wconf 75' lang='lat' dir='ltr'>ete,</span> <span class='ocrx_word' id='word_1_232' title='bbox 443 3323 568 3387; x_wconf 89' lang='lat' dir='ltr'>dilecto</span> <span class='ocrx_word' id='word_1_233' title='bbox 583 3323 618 3386; x_wconf 92' lang='lat' dir='ltr'>in</span> <span class='ocrx_word' id='word_1_234' title='bbox 634 3324 768 3388; x_wconf 84' lang='lat' dir='ltr'>Christo</span> <span class='ocrx_word' id='word_1_235' title='bbox 784 3324 864 3400; x_wconf 88' lang='lat' dir='ltr'>filio,</span> <span class='ocrx_word' id='word_1_236' title='bbox 876 3323 1116 3388; x_wconf 90' lang='lat' dir='ltr'>archidiacono</span> <span class='ocrx_word' id='word_1_237' title='bbox 1128 3325 1259 3388; x_wconf 90' lang='lat' dir='ltr'>Ebora·</span> <span class='ocrx_word' id='word_1_238' title='bbox 1272 3312 1386 3403; x_wconf 55' lang='lat' dir='ltr'>{Zicffilgf</span> 
     </span>
     <span class='ocr_line' id='line_1_32' title="bbox 91 3413 1379 3499; baseline 0 -19"><span class='ocrx_word' id='word_1_239' title='bbox 91 3416 198 3492; x_wconf 91' lang='lat' dir='ltr'>censi,</span> <span class='ocrx_word' id='word_1_240' title='bbox 243 3415 316 3487; x_wconf 85' lang='lat' dir='ltr'>sal,</span> <span class='ocrx_word' id='word_1_241' title='bbox 361 3421 425 3480; x_wconf 91' lang='lat' dir='ltr'>etc.</span> <span class='ocrx_word' id='word_1_242' title='bbox 473 3414 662 3498; x_wconf 87' lang='lat' dir='ltr'>Captantes</span> <span class='ocrx_word' id='word_1_243' title='bbox 705 3415 998 3499; x_wconf 92' lang='lat' dir='ltr'>quamplurimum</span> <span class='ocrx_word' id='word_1_244' title='bbox 1042 3415 1136 3499; x_wconf 92' lang='lat' dir='ltr'>quod</span> <span class='ocrx_word' id='word_1_245' title='bbox 1179 3415 1258 3480; x_wconf 88' lang='lat' dir='ltr'>cleri</span> <span class='ocrx_word' id='word_1_246' title='bbox 1272 3413 1338 3462; x_wconf 55' lang='grc' dir='ltr'>Μ»</span> <span class='ocrx_word' id='word_1_247' title='bbox 1349 3413 1379 3452; x_wconf 61' lang='lat'>1¹¹·</span> 
     </span>
    </p>
   </div>
   <div class='ocr_carea' id='block_1_3' title="bbox 1271 3463 1417 3513">
    <p class='ocr_par' dir='ltr' id='par_1_7' title="bbox 1271 3463 1417 3513">
     <span class='ocr_line' id='line_1_33' title="bbox 1271 3463 1417 3513; baseline 0.014 -11"><span class='ocrx_word' id='word_1_248' title='bbox 1271 3463 1364 3513; x_wconf 78' lang='lat' dir='ltr'>forming</span> <span class='ocrx_word' id='word_1_249' title='bbox 1371 3464 1417 3504; x_wconf 88' lang='lat' dir='ltr'>him</span> 
     </span>
    </p>
   </div>
   <div class='ocr_carea' id='block_1_4' title="bbox 88 3506 1368 3612">
    <p class='ocr_par' dir='ltr' id='par_1_8' title="bbox 88 3506 1368 3612">
     <span class='ocr_line' id='line_1_34' title="bbox 88 3506 1368 3612; baseline 0 -40"><span class='ocrx_word' id='word_1_250' title='bbox 88 3507 287 3573; x_wconf 89' lang='lat' dir='ltr'>subsidium</span> <span class='ocrx_word' id='word_1_251' title='bbox 307 3507 380 3591; x_wconf 88' lang='lat' dir='ltr'>jam</span> <span class='ocrx_word' id='word_1_252' title='bbox 400 3506 540 3570; x_wconf 93' lang='lat' dir='ltr'>domino</span> <span class='ocrx_word' id='word_1_253' title='bbox 562 3507 631 3591; x_wconf 89' lang='lat' dir='ltr'>regi</span> <span class='ocrx_word' id='word_1_254' title='bbox 651 3506 836 3571; x_wconf 90' lang='lat' dir='ltr'>liberaliter</span> <span class='ocrx_word' id='word_1_255' title='bbox 857 3507 1098 3590; x_wconf 89' lang='lat' dir='ltr'>repromissum</span> <span class='ocrx_word' id='word_1_256' title='bbox 1119 3514 1257 3591; x_wconf 88' lang='lat' dir='ltr'>gratum</span> <span class='ocrx_word' id='word_1_257' title='bbox 1270 3513 1368 3612; x_wconf 44' lang='lat' dir='ltr'>{3321}ss</span> 
     </span>
    </p>
   </div>
   <div class='ocr_carea' id='block_1_5' title="bbox 89 3599 1401 3714">
    <p class='ocr_par' dir='ltr' id='par_1_9' title="bbox 89 3599 1401 3714">
     <span class='ocr_line' id='line_1_35' title="bbox 89 3599 1401 3714; baseline -0.002 -49"><span class='ocrx_word' id='word_1_258' title='bbox 89 3600 137 3665; x_wconf 90' lang='lat' dir='ltr'>sit</span> <span class='ocrx_word' id='word_1_259' title='bbox 177 3599 300 3676; x_wconf 91' lang='lat' dir='ltr'>eidem,</span> <span class='ocrx_word' id='word_1_260' title='bbox 338 3599 564 3682; x_wconf 89' lang='lat' dir='ltr'>complacens,</span> <span class='ocrx_word' id='word_1_261' title='bbox 603 3605 638 3663; x_wconf 90' lang='lat' dir='ltr'>et</span> <span class='ocrx_word' id='word_1_262' title='bbox 676 3604 868 3682; x_wconf 91' lang='lat' dir='ltr'>acceptum,</span> <span class='ocrx_word' id='word_1_263' title='bbox 906 3599 1005 3663; x_wconf 91' lang='lat' dir='ltr'>vobis</span> <span class='ocrx_word' id='word_1_264' title='bbox 1041 3600 1257 3682; x_wconf 92' lang='lat' dir='ltr'>presentibus</span> <span class='ocrx_word' id='word_1_265' title='bbox 1271 3613 1401 3714; x_wconf 51' lang='lat' dir='ltr'>ideyffigtios</span> 
     </span>
    </p>
   </div>
   <div class='ocr_carea' id='block_1_6' title="bbox 77 3690 1414 4325">
    <p class='ocr_par' dir='ltr' id='par_1_10' title="bbox 77 3690 1414 4325">
     <span class='ocr_line' id='line_1_36' title="bbox 87 3690 1331 3775; baseline -0.003 -19"><span class='ocrx_word' id='word_1_266' title='bbox 87 3693 299 3758; x_wconf 88' lang='lat' dir='ltr'>nunciamus</span> <span class='ocrx_word' id='word_1_267' title='bbox 324 3691 488 3775; x_wconf 87' lang='lat' dir='ltr'>quatinus</span> <span class='ocrx_word' id='word_1_268' title='bbox 513 3691 623 3767; x_wconf 76' lang='lat' dir='ltr'>nobis</span> <span class='ocrx_word' id='word_1_269' title='bbox 650 3696 685 3754; x_wconf 91' lang='lat' dir='ltr'>et</span> <span class='ocrx_word' id='word_1_270' title='bbox 710 3691 818 3754; x_wconf 90' lang='lat' dir='ltr'>eciam</span> <span class='ocrx_word' id='word_1_271' title='bbox 844 3691 978 3754; x_wconf 91' lang='lat' dir='ltr'>nunciis</span> <span class='ocrx_word' id='word_1_272' title='bbox 1003 3690 1133 3754; x_wconf 92' lang='lat' dir='ltr'>domini</span> <span class='ocrx_word' id='word_1_273' title='bbox 1159 3711 1256 3775; x_wconf 83' lang='lat' dir='ltr'>regis,</span> <span class='ocrx_word' id='word_1_274' title='bbox 1272 3713 1331 3753; x_wconf 69' lang='lat' dir='ltr'>tone</span> 
     </span>
     <span class='ocr_line' id='line_1_37' title="bbox 85 3763 1413 3866; baseline -0.002 -16"><span class='ocrx_word' id='word_1_275' title='bbox 85 3786 143 3850; x_wconf 92' lang='lat' dir='ltr'>die</span> <span class='ocrx_word' id='word_1_276' title='bbox 168 3784 331 3849; x_wconf 89' lang='lat' dir='ltr'>Cinerum</span> <span class='ocrx_word' id='word_1_277' title='bbox 354 3783 485 3864; x_wconf 89' lang='lat' dir='ltr'>(March</span> <span class='ocrx_word' id='word_1_278' title='bbox 506 3782 553 3864; x_wconf 84' lang='lat'>6),</span> <span class='ocrx_word' id='word_1_279' title='bbox 571 3781 664 3866; x_wconf 92' lang='lat' dir='ltr'>apud</span> <span class='ocrx_word' id='word_1_280' title='bbox 685 3783 893 3859; x_wconf 90' lang='lat' dir='ltr'>Eboracum,</span> <span class='ocrx_word' id='word_1_281' title='bbox 910 3789 995 3847; x_wconf 90' lang='lat' dir='ltr'>vota</span> <span class='ocrx_word' id='word_1_282' title='bbox 1009 3783 1163 3866; x_wconf 89' lang='lat' dir='ltr'>graciosa</span> <span class='ocrx_word' id='word_1_283' title='bbox 1178 3784 1257 3848; x_wconf 92' lang='lat' dir='ltr'>sub·</span> <span class='ocrx_word' id='word_1_284' title='bbox 1271 3763 1374 3853; x_wconf 52' lang='lat' dir='ltr'>iiioeoed</span> <span class='ocrx_word' id='word_1_285' title='bbox 1385 3777 1413 3804; x_wconf 79' lang='lat'>⁰¹¹</span> 
     </span>
     <span class='ocr_line' id='line_1_38' title="bbox 83 3863 1414 3958; baseline -0.003 -16"><span class='ocrx_word' id='word_1_286' title='bbox 83 3878 244 3944; x_wconf 90' lang='lat' dir='ltr'>ditorum</span> <span class='ocrx_word' id='word_1_287' title='bbox 273 3875 315 3938; x_wconf 90' lang='lat' dir='ltr'>de</span> <span class='ocrx_word' id='word_1_288' title='bbox 343 3875 448 3939; x_wconf 93' lang='lat' dir='ltr'>tercio</span> <span class='ocrx_word' id='word_1_289' title='bbox 476 3895 566 3938; x_wconf 92' lang='lat' dir='ltr'>anno</span> <span class='ocrx_word' id='word_1_290' title='bbox 594 3874 800 3958; x_wconf 89' lang='lat' dir='ltr'>complecius</span> <span class='ocrx_word' id='word_1_291' title='bbox 825 3873 1019 3951; x_wconf 90' lang='lat' dir='ltr'>annuendo,</span> <span class='ocrx_word' id='word_1_292' title='bbox 1048 3880 1083 3938; x_wconf 91' lang='lat' dir='ltr'>et</span> <span class='ocrx_word' id='word_1_293' title='bbox 1110 3875 1259 3958; x_wconf 90' lang='lat' dir='ltr'>qualiter</span> <span class='ocrx_word' id='word_1_294' title='bbox 1271 3863 1414 3916; x_wconf 62' lang='lat' dir='ltr'>W⁸d¹¹²⁵d³l</span> 
     </span>
     <span class='ocr_line' id='line_1_39' title="bbox 84 3965 1257 4049; baseline -0.004 -13"><span class='ocrx_word' id='word_1_295' title='bbox 84 3970 232 4036; x_wconf 90' lang='lat' dir='ltr'>eosdem</span> <span class='ocrx_word' id='word_1_296' title='bbox 265 3966 424 4031; x_wconf 91' lang='lat' dir='ltr'>subditos</span> <span class='ocrx_word' id='word_1_297' title='bbox 456 3967 723 4030; x_wconf 83' lang='lat' dir='ltr'>informaveritis</span> <span class='ocrx_word' id='word_1_298' title='bbox 757 3966 799 4029; x_wconf 92' lang='lat' dir='ltr'>de</span> <span class='ocrx_word' id='word_1_299' title='bbox 832 3965 952 4029; x_wconf 91' lang='lat' dir='ltr'>eodem</span> <span class='ocrx_word' id='word_1_300' title='bbox 985 3986 1046 4049; x_wconf 94' lang='lat' dir='ltr'>per</span> <span class='ocrx_word' id='word_1_301' title='bbox 1077 3966 1257 4031; x_wconf 91' lang='lat' dir='ltr'>officialem</span> 
     </span>
     <span class='ocr_line' id='line_1_40' title="bbox 83 4057 1258 4143; baseline -0.006 -14"><span class='ocrx_word' id='word_1_302' title='bbox 83 4070 261 4137; x_wconf 90' lang='lat' dir='ltr'>vestrum,</span> <span class='ocrx_word' id='word_1_303' title='bbox 304 4058 462 4135; x_wconf 66' lang='lat' dir='ltr'>decanos</span> <span class='ocrx_word' id='word_1_304' title='bbox 504 4064 539 4122; x_wconf 91' lang='lat' dir='ltr'>et</span> <span class='ocrx_word' id='word_1_305' title='bbox 582 4057 735 4143; x_wconf 91' lang='lat' dir='ltr'>ydoneos</span> <span class='ocrx_word' id='word_1_306' title='bbox 776 4057 987 4141; x_wconf 92' lang='lat' dir='ltr'>responsales</span> <span class='ocrx_word' id='word_1_307' title='bbox 1027 4058 1258 4123; x_wconf 88' lang='lat' dir='ltr'>archidiaconi</span> 
     </span>
     <span class='ocr_line' id='line_1_41' title="bbox 80 4148 1257 4234; baseline -0.008 -11"><span class='ocrx_word' id='word_1_308' title='bbox 80 4156 196 4222; x_wconf 89' lang='lat' dir='ltr'>vestri</span> <span class='ocrx_word' id='word_1_309' title='bbox 230 4150 436 4216; x_wconf 90' lang='lat' dir='ltr'>litteratorie</span> <span class='ocrx_word' id='word_1_310' title='bbox 467 4156 502 4214; x_wconf 90' lang='lat' dir='ltr'>et</span> <span class='ocrx_word' id='word_1_311' title='bbox 533 4170 594 4234; x_wconf 91' lang='lat' dir='ltr'>per</span> <span class='ocrx_word' id='word_1_312' title='bbox 625 4170 684 4214; x_wconf 90' lang='lat' dir='ltr'>ora</span> <span class='ocrx_word' id='word_1_313' title='bbox 715 4148 851 4233; x_wconf 92' lang='lat' dir='ltr'>placida</span> <span class='ocrx_word' id='word_1_314' title='bbox 882 4148 1068 4213; x_wconf 90' lang='lat' dir='ltr'>eorundem</span> <span class='ocrx_word' id='word_1_315' title='bbox 1100 4157 1257 4215; x_wconf 90' lang='lat' dir='ltr'>constrae</span> 
     </span>
     <span class='ocr_line' id='line_1_42' title="bbox 77 4241 1257 4325; baseline -0.008 -10"><span class='ocrx_word' id='word_1_316' title='bbox 77 4245 291 4315; x_wconf 89' lang='lat' dir='ltr'>evidencius</span> <span class='ocrx_word' id='word_1_317' title='bbox 311 4242 456 4319; x_wconf 72' lang='lat' dir='ltr'>faciatis</span> <span class='ocrx_word' id='word_1_318' title='bbox 477 4241 563 4306; x_wconf 90' lang='lat' dir='ltr'>adeo</span> <span class='ocrx_word' id='word_1_319' title='bbox 582 4241 677 4325; x_wconf 91' lang='lat' dir='ltr'>quod</span> <span class='ocrx_word' id='word_1_320' title='bbox 695 4241 927 4324; x_wconf 89' lang='lat' dir='ltr'>multiplicata</span> <span class='ocrx_word' id='word_1_321' title='bbox 945 4242 1059 4325; x_wconf 90' lang='lat' dir='ltr'>gracia</span> <span class='ocrx_word' id='word_1_322' title='bbox 1079 4241 1257 4306; x_wconf 91' lang='lat' dir='ltr'>dominum</span> 
     </span>
    </p>
   </div>
   <div class='ocr_carea' id='block_1_7' title="bbox 76 4332 1258 4527">
    <p class='ocr_par' dir='ltr' id='par_1_11' title="bbox 76 4332 1258 4527">
     <span class='ocr_line' id='line_1_43' title="bbox 76 4332 1258 4429; baseline -0.008 -22"><span class='ocrx_word' id='word_1_323' title='bbox 76 4362 202 4429; x_wconf 88' lang='lat' dir='ltr'>regem</span> <span class='ocrx_word' id='word_1_324' title='bbox 238 4336 330 4402; x_wconf 92' lang='lat' dir='ltr'>clero</span> <span class='ocrx_word' id='word_1_325' title='bbox 363 4339 398 4397; x_wconf 91' lang='lat' dir='ltr'>et</span> <span class='ocrx_word' id='word_1_326' title='bbox 431 4333 579 4411; x_wconf 88' lang='lat' dir='ltr'>ecclesie,</span> <span class='ocrx_word' id='word_1_327' title='bbox 613 4333 702 4398; x_wconf 90' lang='lat' dir='ltr'>sicut</span> <span class='ocrx_word' id='word_1_328' title='bbox 735 4332 914 4397; x_wconf 91' lang='lat' dir='ltr'>commode</span> <span class='ocrx_word' id='word_1_329' title='bbox 946 4333 1019 4399; x_wconf 89' lang='lat' dir='ltr'>fieri</span> <span class='ocrx_word' id='word_1_330' title='bbox 1051 4334 1190 4417; x_wconf 90' lang='lat' dir='ltr'>poterit,</span> <span class='ocrx_word' id='word_1_331' title='bbox 1216 4334 1258 4398; x_wconf 93' lang='lat' dir='ltr'>de</span> 
     </span>
     <span class='ocr_line' id='line_1_44' title="bbox 246 4460 1095 4527; baseline -0.004 -14"><span class='ocrx_word' id='word_1_332' title='bbox 246 4461 450 4527; x_wconf 83' lang='lat' dir='ltr'>¹Seyreburne.</span> <span class='ocrx_word' id='word_1_333' title='bbox 488 4460 537 4511; x_wconf 86' lang='lat' dir='ltr'>Fo.</span> <span class='ocrx_word' id='word_1_334' title='bbox 558 4460 635 4510; x_wconf 87' lang='lat' dir='ltr'>105d.</span> <span class='ocrx_word' id='word_1_335' title='bbox 851 4460 1095 4510; x_wconf 79' lang='lat' dir='ltr'>²Fromr0.105d.</span> 
     </span>
    </p>
   </div>
   <div class='ocr_carea' id='block_1_8' title="bbox 1272 3009 1399 3061">
    <p class='ocr_par' dir='ltr' id='par_1_12' title="bbox 1272 3009 1399 3061">
     <span class='ocr_line' id='line_1_45' title="bbox 1272 3009 1399 3061; baseline 0.016 -11"><span class='ocrx_word' id='word_1_336' title='bbox 1272 3009 1399 3061; x_wconf 81' lang='lat' dir='ltr'>Thribergh.</span> 
     </span>
    </p>
   </div>
   <div class='ocr_carea' id='block_1_9' title="bbox 0 0 1509 4996">
    <p class='ocr_par' dir='ltr' id='par_1_13' title="bbox 0 0 1509 4996">
     <span class='ocr_line' id='line_1_46' title="bbox 0 0 1509 4996; baseline 0 0"><span class='ocrx_word' id='word_1_337' title='bbox 0 0 1509 4996; x_wconf 95' lang='lat' dir='ltr'> </span> 
     </span>
    </p>
   </div>
  </div>
 </body>
</html>
