2994 4996
209 485 275 529 THE
298 486 461 531 REGISTER
482 487 525 532 OF
545 485 757 532 ARCHBISHOP
778 484 926 532 WILLIAM
947 485 1148 532 WICKWANE.
1205 484 1265 550 279

106 636 220 701 biliter
241 640 442 723 approbate,
465 639 614 744 sigillum
634 646 792 706 nostrum
814 639 976 706 duximus
997 637 1264 726 appendendum

106 728 141 792 in
167 730 404 796 testimonium
429 732 683 817 premissorum.

150 820 223 905 698.
271 823 393 889 bidus
416 824 498 889 Feb.
525 824 620 907 (Feb.
646 824 692 907 8),
719 823 851 891 128021
897 823 1002 910 Apud
1025 819 1261 889 Beverlacum.
1276 843 1397 937 sonans
1391 843 1429 887 ,οι

105 912 333 979 Venerabili
325 936 360 980 ιιι
387 916 523 982 Christo
548 916 641 1002 patri
668 917 808 1012 domino
835 916 1029 999 [Roberto],
1057 916 1123 981 Dei
1148 916 1263 1001 gracia
1275 945 1344 1037 {fraqe
1350 945 1420 1037 quat

105 1005 328 1073 Bathoniensi
363 1015 397 1074 et
431 1008 593 1074 Wellensi
627 1005 797 1094 episcopo,
833 1007 983 1075 salutem
1018 1015 1053 1074 et
1087 1007 1263 1075 felicitatis
1275 1045 1387 1097 sm„

105 1097 265 1162 bravium
294 1121 410 1165 coram
440 1101 586 1166 Christo
633 1100 880 1166 Amantissimo
909 1107 1019 1186 pater,
1051 1121 1121 1166 ιιοιι
1151 1098 1262 1166 solum
1275 1096 1411 1199 ffiffim

105 1189 153 1253 rei
169 1196 204 1254 et
220 1192 376 1257 veritatis
393 1193 590 1271 existencia,
608 1198 661 1258 set
676 1194 786 1259 honor
801 1192 994 1259 communis
1009 1199 1045 1258 et
1059 1191 1262 1258 benemeriti
1275 1198 1376 1248 0fY⁰1¹s

104 1282 213 1346 nostri
237 1282 366 1348 domini
390 1284 431 1350 G.
450 1286 493 1350 de
517 1284 708 1364 Sarisbiria,
732 1284 794 1370 qui
816 1285 852 1350 in
869 1284 1009 1350 ecclesia
1026 1284 1091 1349 Dei
1108 1284 1210 1371 digne
1226 1290 1262 1349 et

105 1373 176 1451 diu,
195 1375 283 1440 sicut
296 1376 400 1455 scitiS,
416 1377 600 1455 laboravit,
611 1398 675 1442 nos
684 1376 808 1443 mento
818 1377 974 1443 excitant
984 1384 1019 1443 et
1028 1376 1211 1462 rmpellunt
1221 1382 1262 1442 ut

104 1486 206 1550 super
239 1467 489 1535 subdecanatu
508 1470 717 1535 Eboracensi
749 1469 988 1545 testimonium
1020 1464 1262 1555 perhibeamus

104 1558 274 1623 evidens
265 1561 328 1644 rpsi
350 1582 442 1626 vero.
489 1562 564 1640 Est,
587 1561 703 1647 igitur,
725 1561 817 1627 idem
838 1561 1094 1628 subdecanatus
1114 1560 1261 1647 simplex

104 1656 139 1713 et
153 1650 286 1716 nudum
300 1653 471 1718 officinm
462 1675 497 1718 ιιι
511 1654 653 1719 ecclesia
665 1660 786 1720 nostra
799 1654 1019 1732 Eboracensi,
1033 1674 1098 1719 nec
1110 1652 1372 1745 dignitasbareoffi
1274 1652 1393 1694 ''mi“

104 1762 163 1806 seu
191 1764 273 1808 cura
301 1746 392 1847 apud
431 1767 495 1812 nos
522 1746 741 1830 aliquatenus
768 1752 961 1850 reputatur,
989 1765 1053 1811 nec
1079 1745 1190 1812 eidem
1218 1744 1259 1811 G.
1274 1753 1393 1797 andrum

103 1834 234 1938 aliquid
244 1836 376 1902 racione
390 1838 475 1903 dicti
488 1839 744 1904 subdecanatus
753 1837 958 1904 concrescit
949 1858 985 1903 ιιι
998 1844 1118 1903 nostra
1129 1837 1261 1903 Ebora·
1273 1802 1410 1907 m..
1390 1862 1417 1895 α

103 1927 195 1991 censi
212 1927 399 1993 ecclesia
366 1951 431 1995 n151
423 1930 579 1996 Qstallus
627 1930 728 1996 Unde
744 1931 898 2015 quietem
915 1936 950 1995 et
966 1949 1088 2015 pacem
1105 1915 1324 2016 ejusdem'''ute
1324 1935 1330 1947 '

103 2019 280 2102 predilecti
293 2023 399 2087 nostri
413 2029 447 2088 et
461 2022 653 2088 communis
665 2022 817 2087 benivoli
829 2021 929 2088 vobis
942 2021 1261 2088 recommendamus

103 2111 187 2176 totis
201 2113 386 2180 visceribus
400 2121 435 2179 et
450 2115 588 2180 aflectu.
636 2115 683 2180 Et
697 2113 825 2198 s1quid
838 2113 1027 2192 volueritis,
1042 2134 1131 2193 ecce,
1146 2121 1261 2193 vester

102 2205 377 2289 promptissimus
411 2207 486 2271 vice
520 2227 630 2272 versa.
678 2207 772 2272 Bene
806 2206 923 2272 valeat
958 2206 1109 2272 amanda
1143 2212 1261 2273 vestra

101 2297 293 2379 paternitas
313 2318 444 2385 semper
463 2299 499 2363 in
518 2299 680 2364 Domino,

145 2388 220 2472 699.
268 2390 376 2455 Priori
414 2397 450 2456 et
490 2391 677 2456 conventui
719 2389 935 2457 Karliolensi.
982 2391 1079 2456 Licet
1119 2412 1183 2457 vos
1222 2390 1259 2457 in
1272 2392 1417 2445 ronam

101 2481 282 2563 specialem
298 2482 515 2548 affeccionem
530 2482 731 2568 recepimus,
746 2504 788 2548 ac
802 2489 972 2568 tanquam
986 2483 1086 2549 nobis
1100 2483 1257 2562 devotos,
1271 2444 1418 2547 iidem*

100 2572 290 2650 benivolos,
318 2581 353 2638 et
378 2582 536 2660 acceptos
561 2576 681 2640 lavore
705 2574 867 2660 prosequi
892 2574 1160 2661 disposuerimus
1186 2595 1258 2641 am-
1270 2545 1417 2688 53⁹&

100 2664 210 2748 plion,
229 2686 316 2742 ecce,
335 2688 405 2744 vos,
422 2665 571 2732 latentes
588 2667 730 2732 insidias
745 2666 845 2732 nobis·
861 2665 1005 2733 subdole
1021 2674 1256 2753 procurantes,
1270 2697 1374 2747 fuuyt
1385 2656 1416 2687 '⁹

100 2777 141 2820 ac
162 2756 369 2841 Apostolicis
388 2748 523 2837 litteris,
547 2765 588 2824 ut
611 2759 811 2844 recepimus,
835 2759 1063 2837 abutentes,
1053 2779 1090 2824 ιιι
1111 2779 1175 2825 nos
1196 2759 1258 2845 qui
1269 2796 1393 2839 ,imm
1366 2742 1412 2789 ⁸⁸¹

100 2850 386 2914 excommunicari
412 2851 631 2935 nequivimus
656 2870 717 2917 seu
742 2849 906 2937 suspendi
932 2850 1063 2937 absque
1088 2851 1256 2917 mandato
1269 2846 1416 2949 32³2de

100 2940 197 3005 Sedis
220 2941 413 3026 Apostolice
435 2943 584 3028 speciali,
607 2942 710 3027 juxta
731 2942 869 3009 indulta
889 2942 989 3009 nobis
1010 2943 1189 3029 privilegia
1211 2943 1257 3009 ab
1269 2952 1411 3041 *lgffilgm
1451 2954 1454 2959 '

101 3033 249 3110 eadem,1
274 3055 314 3098 ac
336 3035 512 3100 officialem
534 3042 703 3113 nostrum,
726 3040 807 3121 post
829 3034 1103 3101 inhibicionem
1094 3055 1131 3100 111
1152 3056 1258 3102 causa

101 3125 244 3190 tuitoria
282 3127 534 3211 appellacionis,
573 3127 619 3192 ad
656 3134 812 3194 nostram
849 3126 966 3193 sedern
1004 3127 1257 3193 Eboracensem

99 3216 191 3302 legit
183 3238 261 3295 nne,
282 3225 322 3283 ut
343 3220 513 3298 asseritur,
534 3220 724 3305 interjecto,
744 3220 848 3305 juxta
866 3218 1097 3305 approbatam
1116 3240 1258 3287 consue·
1279 3274 1282 3281 .

90 3310 258 3385 ,tudinem
275 3311 410 3377 ecclesie
427 3318 543 3377 nostre
558 3312 727 3377 hactenus
744 3317 779 3377 et
795 3317 989 3397 optentam,
1004 3311 1113 3398 judici
1128 3318 1257 3391 vestro,
1305 3390 1308 3394 Δ
1407 3354 1412 3363 -

101 3403 293 3468 succentori
327 3403 559 3482 Dunelmensi,
593 3405 724 3470 factam
757 3403 920 3470 canonice
953 3404 999 3470 ab
1031 3403 1164 3483 eodem,
1196 3415 1260 3490 per

102 3495 249 3559 eundem
265 3503 498 3561 succentorem
514 3495 882 3562 excommunicacionis
897 3496 1090 3569 sentencias
1105 3496 1148 3563 de
1163 3497 1259 3563 iacto

102 3587 229 3652 fecistis
242 3609 351 3672 nuper
363 3595 396 3653 et
409 3589 562 3654 indebite
573 3588 794 3674 promulgari,
807 3588 856 3654 sic
867 3589 999 3661 famam
1011 3593 1125 3671 status
1136 3588 1257 3667 nostri,

101 3686 273 3762 quantum
291 3680 326 3744 in
343 3681 440 3746 vobis
457 3687 520 3759 est,
537 3680 633 3766 quod
650 3701 693 3746 ex
709 3700 750 3746 eo
766 3679 997 3747 verisimiliter
1011 3680 1259 3767 comprobatur
1285 3736 1289 3741 ,

102 3771 196 3855 quod
236 3779 353 3838 vestra
390 3773 568 3859 originalia
607 3773 839 3839 instrumenta
877 3792 983 3859 penes
1021 3778 1258 3839 succentorem

102 3864 251 3929 resident
285 3872 524 3944 memoratum,
560 3884 629 3951 que
661 3885 837 3930 remanere
870 3871 1121 3933 consueverant
1153 3885 1259 3952 penes

101 3961 246 4039 partem,
275 3957 461 4041 capciosius
486 3956 722 4036 deformand0,
749 3957 922 4023 sentencie
955 3956 1098 4043 majoris
1121 3977 1258 4025 exeom-

101 4048 347 4114 municacionis
387 4049 525 4115 omnino
565 4048 782 4116 immemores
813 4068 881 4135 que
913 4054 1036 4116 contra
1066 4049 1256 4129 libertates,

101 4140 289 4225 privilegia,
333 4140 616 4226 jurisdiccionem,
660 4147 697 4207 et
739 4141 951 4227 approbatas
992 4140 1258 4209 consuetudines
1308 4214 1312 4221 ,

102 4232 239 4296 ecclesie
255 4240 372 4298 nostre
388 4233 611 4300 Eboracensis
626 4233 861 4320 infringentes,
877 4233 1072 4320 antiquitus
1087 4233 1205 4301 extitit
1221 4240 1258 4300 et

101 4324 219 4389 existit
234 4326 414 4390 salubriter
427 4325 657 4412 promulgata.
703 4326 751 4392 Et
765 4326 926 4413 quamvis
939 4325 1059 4393 eedem
1072 4325 1257 4407 sentencie,

101 4438 121 4481 a
140 4425 339 4483 succentore
356 4418 510 4504 predicto
528 4417 570 4483 de
588 4420 683 4484 facto
699 4417 782 4498 late,
800 4417 844 4485 de
859 4418 936 4505 jure
952 4417 1058 4485 nichil
1075 4417 1257 4505 optineant
1293 4491 1296 4495 ,

571 4533 636 4584 ¹See
654 4534 708 4584 No.
726 4533 789 4587 609.
