2994 4996
223 490 281 550 228
329 506 397 550 rire
418 505 582 550 nncrsren
602 505 646 549 or
666 505 878 550 ancnnrsrroe
898 503 1047 548 wurmr
1068 502 1271 548 wrcrrwaue.

223 661 397 737 convenit,
418 680 584 743 suspenso
603 660 723 743 rigoris
741 659 933 735 conamine,
953 658 1139 722 salubriter
1152 658 1386 742 pertractetis.

223 753 395 829 Vestram
426 752 608 835 siquidem,
631 753 850 815 honestatem
873 751 993 815 decere
1015 750 1231 814 attendimus
1252 751 1388 833 pecoris

223 846 330 908 vestri
359 845 497 908 mltum
526 864 720 928 agnoscere,
749 851 785 907 et
814 851 987 906 errantem
1015 843 1190 907 oviculam
1218 842 1264 905 ad
1292 843 1386 906 ovile

223 937 401 1020 proprium
427 937 531 999 alacri
558 936 833 1019 promptitudine
859 955 1102 1010 revocarem
1128 934 1388 1000 dismminosus

223 1029 378 1112 ejusdem
404 1029 480 1091 oris
504 1036 619 1091 vestre
644 1028 805 1091 interitus
830 1027 873 1091 de
898 1027 1024 1091 restris
1047 1026 1211 1090 mambus
1234 1025 1388 1090 finaliter

224 1122 428 1204 requiratur.
513 1119 606 1203 Quid
639 1127 757 1184 autem
797 1120 946 1183 feceritis
985 1120 1021 1183 in
1067 1119 1240 1202 premissis
1283 1119 1387 1183 nobis

223 1213 428 1296 oportunius
454 1213 658 1276 rescribatis.

59 1371 191 1470 rer
224 1346 374 1485 nih...
391 1327 1384 1485 zininihlhu.en²⁸aaahffh

60 1472 211 1611 {25¹3ss
224 1535 326 1598 usque
352 1522 526 1597 quatenus
552 1521 670 1577 vestra
697 1514 873 1596 capacitas
900 1512 1029 1576 suflicit
1051 1512 1169 1595 pronis
1195 1472 1385 1578 visceribus

224 1606 482 1689 amplectentes.
528 1606 629 1681 Ecce,
651 1605 847 1688 Johannem
868 1605 911 1668 de
932 1603 1160 1680 Oswaldkirk‚
1185 1624 1384 1669 commona-

224 1699 328 1761 chum
354 1706 521 1773 vestrum,
548 1698 778 1761 exhibitorem
803 1697 1042 1780 presencium;
1087 1697 1160 1780 qni,
1186 1703 1267 1779 post
1292 1717 1384 1780 vaga

224 1790 328 1853 seculi
357 1789 554 1853 discrimina
582 1790 709 1873 quibus
737 1797 860 1853 contra
887 1789 1108 1872 professionis
1135 1808 1196 1852 sue
1225 1788 1384 1853 debitum

224 1902 260 1945 se
278 1882 518 1946 miserabiliter
534 1882 694 1965 exposuit
714 1885 783 1961 (etc.
803 1902 842 1944 as
860 1881 965 1961 before
982 1880 1059 1943 arth
1078 1879 1176 1964 slight
1192 1881 1384 1945 adamim

223 1981 269 2053 to)
294 1975 498 2057 requiratur.
546 1974 663 2050 Porro,
687 1974 717 2037 si
741 1973 904 2057 regularis
927 1973 1013 2036 ordo
1036 1993 1106 2036 non
1130 1972 1265 2056 patitur
1287 1973 1384 2057 quod

224 2086 304 2129 eum
316 2066 507 2148 recolligere
519 2066 685 2134 debeatis.
698 2066 734 2129 id
744 2066 845 2129 nobis
856 2065 1049 2148 expressius
1060 2064 1199 2128 rescribi
1209 2065 1383 2143 volumus

224 2166 276 2233 ut,
292 2165 366 2221 tarn
382 2159 495 2221 anime
511 2178 571 2221 sue
586 2158 701 2233 saluti,
717 2178 824 2240 quam
840 2157 993 2240 religiose
1008 2157 1194 2233 honestati,
1209 2163 1385 2241 quatenus

223 2250 413 2314 secundum
447 2250 561 2313 Deum
594 2250 754 2333 expedire
773 2249 972 2324 uiderimus,
999 2249 1177 2312 valeamus
1190 2249 1385 2314 consulcius

248 2342 414 2406 rovidere.

223 2363 247 2425 p
299 2458 593 2542 JL'RISDICCIO
623 2459 688 2523 DE
718 2457 965 2532 ΗΟΠΕΙΠΞΝ1
999 2458 1063 2522 DE
1093 2457 1224 2523 ANNO
1255 2459 1305 2542 J0.

131 2633 136 2639 ,
268 2592 343 2656 555.
386 2576 427 2640 16
440 2577 508 2640 kal.
526 2577 608 2640 Dec.
628 2575 732 2656 (Nov,
751 2575 803 2652 16,
825 2580 935 2658 1279l·
974 2575 1117 2660 Scroby.
1163 2575 1329 2640 blandate
1343 2583 1383 2641 to

90 2693 118 2720 n
224 2669 284 2731 the
299 2669 466 2752 guardian
481 2669 518 2732 ol
532 2670 592 2732 the
607 2667 827 2752 Spiu'tuality
841 2668 878 2731 ol
893 2667 1063 2731 Houdene
1076 2669 1112 2731 in
1128 2669 1188 2732 the
1202 2675 1333 2732 matter
1346 2670 1385 2733 of

224 2761 353 2824 llaster
379 2761 530 2824 Thomas
556 2761 599 2823 de
627 2760 792 2844 Byrland,
820 2760 1003 2843 presented
1039 2766 1078 2823 to
1104 2761 1164 2824 the
1190 2762 1319 2824 church
1346 2761 1385 2826 ol

224 2852 487 2936 Brantingham‚
507 2853 555 2936 by
573 2852 724 2915 William
742 2852 785 2915 de
804 2852 972 2927 llasham,
991 2873 1012 2915 a
1030 2853 1138 2916 monk
1156 2852 1226 2916 and
1244 2860 1385 2935 proctor

223 2945 260 3008 ol
278 2945 337 3007 the
355 2953 555 3028 monastery
573 2945 610 3007 ol
628 2945 796 3019 Durham‚
816 2945 852 3006 in
870 2945 931 3007 the
948 2964 1051 3007 name
1068 2945 1106 3008 of
1123 2945 1184 3008 the
1201 2945 1295 3027 prior
1312 2945 1383 3008 and

223 3044 373 3100 convent
392 3038 428 3100 ol
446 3037 506 3100 the
524 3057 630 3111 same,
652 3036 672 3062 “
685 3037 862 3119 quatinus,
882 3037 976 3100 facta
994 3036 1141 3100 fideliter
1158 3037 1384 3120 inquisicione

223 3129 258 3191 in
283 3129 385 3211 pleno
408 3129 474 3192 loci
497 3129 650 3211 capitulo
674 3149 719 3191 an
743 3136 844 3191 vacet
868 3128 962 3191 dicta
986 3128 1138 3204 ecclesia,
1162 3128 1322 3211 qualiter,
1346 3136 1384 3193 et

223 3242 244 3283 a
261 3240 331 3304 quo
348 3228 515 3303 tempore,
533 3221 611 3303 quis
627 3221 682 3283 vel
699 3221 762 3303 qui
779 3220 825 3282 ad
843 3220 987 3283 eandem
1005 3220 1155 3284 debeant
1172 3227 1382 3303 presentare,

222 3313 301 3395 quis
316 3312 440 3377 ultimo
455 3313 500 3375 ad
515 3313 660 3376 eandem
674 3312 900 3395 presentarit,
915 3312 994 3395 quis
1009 3320 1061 3375 est
1076 3312 1185 3376 eciam
1200 3313 1235 3374 in
1251 3333 1384 3395 posses-

223 3405 317 3467 sione
334 3405 566 3487 presentandi,
584 3424 629 3467 an
646 3405 691 3468 sit
707 3404 868 3488 htigiosa,
886 3424 931 3467 an
948 3405 993 3469 sit
1010 3404 1237 3487 pensionaria,
1255 3405 1384 3486 quibus

223 3504 258 3559 et
277 3497 312 3559 in
330 3504 475 3580 quanto,
495 3503 667 3580 quantum
685 3496 801 3559 valeat
820 3497 1025 3572 annuatim;
1063 3496 1106 3558 de
1124 3496 1255 3559 meritis
1272 3498 1382 3560 eciam

223 3588 423 3671 presentati,
450 3609 496 3651 an
522 3589 568 3652 sit
594 3589 777 3672 legitimus,
805 3588 972 3671 ydoneus,
999 3595 1035 3651 et
1061 3589 1238 3663 honestus
1262 3609 1307 3651 an
1335 3589 1382 3652 sit

223 3680 373 3763 legitime
398 3681 513 3755 etatis,
539 3701 584 3743 an
609 3681 655 3744 sit
680 3680 762 3743 alibi
787 3680 1022 3756 beneficiatus,
1048 3680 1148 3763 cujus
1172 3679 1217 3743 sit
1241 3679 1383 3757 ordinis,

223 3792 268 3834 an
285 3772 417 3855 aliquid
435 3773 526 3836 obsit
544 3772 835 3855 presentantibns,
853 3792 895 3835 ac
912 3771 955 3836 de
972 3772 1094 3835 ceteris
1114 3771 1223 3835 solitis
1240 3773 1384 3837 circum-

223 3864 375 3940 stanciis,
388 3864 489 3928 nobis
501 3865 567 3928 sub
579 3872 642 3928 tuo
655 3870 690 3929 et
703 3863 969 3928 testificancium
982 3863 1083 3927 simul
1096 3863 1214 3947 sigillis
1225 3871 1385 3930 constare

224 3955 360 4019 faciatis
374 3956 552 4020 evidenter
567 3980 575 4033 ;
603 3957 654 4020 ita
668 3956 762 4041 quod
775 3976 878 4039 super
892 3956 1017 4035 quavis
1031 3955 1162 4019 desidia
1175 3975 1245 4019 non
1257 3956 1386 4022 debeas

225 4048 437 4130 reprehendi.
484 4049 578 4112 Vale.

268 4151 464 4216 Admission
485 4153 591 4216 dated
606 4159 644 4216 at
666 4152 807 4236 Scroby‚
830 4170 870 4232 13
887 4152 955 4215 kal.
972 4151 1054 4216 Dec.
1078 4151 1181 4232 (Nov.
1200 4157 1268 4235 19),
1288 4172 1385 4238 1279,

225 4243 322 4307 “sibi
345 4245 585 4308 commendam
612 4246 718 4329 ipsius
743 4245 881 4309 ecclesie
907 4263 1016 4327 usque
1034 4262 1095 4307 sex
1118 4264 1252 4308 menses
1282 4265 1303 4308 a
1329 4245 1387 4309 die

224 4336 424 4419 supradicto
442 4338 696 4421 computandos
722 4358 766 4402 ex
792 4356 897 4400 causa
920 4335 1073 4420 legitima
1097 4337 1386 4402 committendos*

225 4429 325 4494 Same
345 4429 437 4493 date.
484 4428 594 4493 Order
610 4436 647 4493 to
664 4431 723 4493 the
738 4428 907 4513 guardian
923 4434 961 4491 to
981 4427 1113 4492 induet.

632 4544 815 4600 ¹Houedene.
853 4543 901 4597 Fo.
919 4544 974 4598 119.
