2994 4996
252 475 308 518 112
365 473 430 517 THE
454 474 617 519 REGISTER
638 475 680 520 OF
702 475 912 521 ARCHBISHOP
934 475 1081 524 WILLIAM
1103 474 1303 519 WICKWANE.

252 627 300 706 [in
310 627 467 710 partibus
481 629 759 711 transmarinis]‚1
775 650 843 693 non
854 635 999 713 optenta
1012 628 1064 693 tui
1074 627 1245 692 diocesani
1254 628 1406 707 licencia,

251 739 319 783 non
331 726 448 784 tamen
460 720 495 783 in
506 726 745 805 contemptum
756 721 916 798 clavium,
929 728 981 785 set
992 741 1053 804 per
1067 720 1151 804 juris
1163 720 1406 803 ignoranciam,

251 810 419 895 recepisti,
439 811 503 895 piis
521 812 707 877 visceribus
726 820 956 896 acceptamus,
976 819 1010 877 et
1029 819 1144 877 tecum
1162 832 1264 895 super
1282 812 1406 896 irregu-

251 903 388 967 laritate
415 923 520 986 quam
547 903 582 967 in
601 905 650 971 sic
675 905 842 989 susceptis
869 904 1045 970 ordinibus
1072 903 1299 968 ministrando
1326 911 1407 968 ante

253 1001 305 1058 rat
291 994 517 1058 tificacionem
553 1003 631 1061 nost
634 1017 707 1060 ram
739 996 937 1081 hujusmodi
981 996 1194 1072 contraxisti
1237 996 1407 1080 [injuncta

252 1086 411 1168 primitus
442 1087 635 1170 penitencia
664 1088 754 1153 salut
740 1089 850 1170 atri],²
879 1095 1050 1172 quantum
1081 1088 1125 1152 ad
1166 1107 1227 1151 nos
1268 1088 1405 1164 attinet,

253 1178 515 1242 misericorditer
530 1180 777 1264 dispensemus.
824 1181 918 1257 Dat,
939 1187 1003 1245 etc.

87 1286 228 1388 ξζζξξζξξῗ·
298 1295 363 1372 W,
395 1303 459 1360 etc.
506 1296 588 1373 Tua,
621 1304 698 1374 etc,
731 1318 838 1382 usque
868 1297 1045 1383 providere.
1093 1295 1202 1380 Super
1232 1316 1271 1360 eo
1302 1296 1406 1380 quod,

253 1388 404 1471 optentis
449 1388 572 1453 litteris
609 1390 734 1454 nostris
771 1389 980 1465 dimissoriis,
1018 1410 1038 1453 a
1075 1388 1260 1453 venerabili
1297 1395 1406 1472 patre,

253 1480 392 1543 domino
410 1531 416 1543 .
432 1531 438 1544 .
453 1481 613 1556 .,Eliensi
623 1481 792 1564 episcop0,
804 1489 924 1545 contra
934 1480 1176 1564 prohibicionis
1186 1500 1246 1544 sue
1256 1480 1408 1545 edictum

253 1591 295 1634 ne
311 1572 388 1654 quis
404 1572 475 1635 sine
492 1573 606 1649 titulo,
623 1594 693 1636 non
709 1580 864 1650 vocatus,
881 1594 951 1637 non
967 1573 1195 1649 examinatus
1213 1572 1257 1636 ad
1274 1572 1408 1635 ordines

253 1663 485 1745 suscipiendos
502 1665 677 1729 accederet
694 1687 701 1742 ;
719 1686 799 1749 quo,
818 1672 947 1741 tamen,
958 1665 1071 1729 edicto
1084 1664 1258 1728 sentencia
1274 1684 1408 1727 excom-

254 1755 498 1820 municacionis
521 1755 594 1820 lata
617 1777 687 1821 non
711 1757 828 1821 extitit
852 1764 972 1821 contra
996 1756 1093 1832 tales,
1118 1762 1153 1820 et
1178 1756 1241 1820 rite
1265 1761 1300 1819 te
1324 1755 1408 1819 alias

254 1847 381 1911 feceras
412 1847 447 1910 in
478 1848 704 1931 presbitemm
735 1849 895 1926 ordinari,
928 1855 1042 1913 tecum
1072 1849 1173 1932 juxta
1204 1847 1409 1912 mandatum

254 1938 456 2002 venerabilis
479 1940 598 2022 patriS,
622 1940 767 2005 domini.
782 1993 789 2005 .
804 1992 810 2005 .
826 1992 850 2017 .,
874 1940 1077 2005 Albanensis
1100 1939 1259 2022 episcopi,
1283 1939 1409 2003 summi

254 2030 384 2094 domini
404 2051 492 2115 pape
527 2032 772 2115 penitenciarii,
808 2033 902 2116 quod
937 2032 1136 2115 recepimus,
1168 2031 1325 2115 injuncta
1344 2031 1408 2095 tibi

254 2122 414 2205 primitus
440 2123 633 2206 penitencia
654 2124 807 2201 salutari,
836 2131 951 2189 tecum
966 2124 1039 2206 (sic)
1057 2123 1320 2187 misericorditer
1343 2122 1408 2187 dis-

254 2234 448 2297 pensamus.
486 2215 580 2291 Dat,
598 2223 653 2280 etc

91 2395 204 2486 iiiii⁵²⁰’
289 2355 1072 2514 ΑΚΕΗΙΒΙΑΕΟΝΑἹὌΞΤέἐέΙΙὲΙΒΙΝΕΕ
1124 2357 1187 2421 DE
1236 2356 1366 2420 ANNO

93 2595 231 2636 Mandat„
299 2552 373 2633 356.
422 2553 593 2618 Evocacio
618 2555 726 2639 partis
753 2562 834 2619 ante
860 2555 1069 2638 capcionem.
1117 2553 1185 2618 Suo
1212 2554 1342 2617 decano
1368 2553 1410 2616 de

93 2647 130 2686 2¹¹⁰
139 2645 194 2685 ‘10³ss
203 2646 226 2684 ⁰f
256 2645 493 2710 Holdemesse.
540 2646 626 2711 Cum
642 2667 703 2730 per
717 2647 849 2712 litteras
866 2647 1017 2710 officialis
1033 2645 1228 2728 Estridinge
1245 2645 1410 2728 acceperi-

93 2696 223 2736 Holdemess

93 2747 188 2846 {0531}
199 2795 264 2840 of
256 2758 343 2806 mus,
364 2758 433 2800 non
454 2745 505 2802 est
491 2738 596 2811 tdiu
617 2739 711 2822 quod
731 2739 926 2822 Stephanus
939 2739 981 2802 de
1002 2738 1260 2821 Esthaytefeld³
1272 2743 1412 2821 propter

93 2846 213 2886 Eastflat-
256 2829 362 2912 ipsius
395 2830 615 2894 manifestam
648 2831 902 2895 contumaciam
936 2837 969 2894 et
955 2830 1211 2894 toffensam
1204 2850 1237 2892 m
1272 2828 1411 2912 maioris

92 2897 239 2986 iiiim-
256 2922 621 3023 excommunicacionis
647 2923 820 2986 sentencia
847 2942 908 3005 per
923 2922 958 2986 xl
975 2921 1046 2985 dies
1063 2927 1098 2985 et
1123 2921 1270 3004 amplius
1297 2921 1412 2984 animo

93 2997 225 3087 ξξξῗὲζ,
257 3013 408 3096 persistit
364 3013 502 3077 tittobs
488 3014 611 3091 tinam,
629 3014 714 3078 adeo
730 3015 823 3098 quod
838 3014 1017 3078 brachium
1032 3013 1182 3077 seculare
1197 3019 1317 3077 contra
1333 3033 1411 3075 eum

93 3097 219 3186 ffl‘mt
257 3105 430 3207 oportebit
416 3105 717 3170 tmedicinaliter
710 3126 879 3190 invocare,
897 3106 961 3170 tibi
977 3105 1182 3169 mandamus
1197 3104 1361 3187 quatinus
1377 3103 1410 3167 S.

94 3196 227 3287 Μεξᾛᾱξξθ
258 3197 342 3260 cites
361 3199 588 3279 peremptorie
608 3198 701 3282 quod
721 3186 919 3281 compareat
939 3218 1054 3262 coram
1074 3196 1183 3271 nobis
1205 3196 1411 3279 ubicumque

94 3298 177 3337 secum
258 3288 422 3352 fuerimus
444 3289 478 3352 in
501 3296 619 3354 nostra
641 3288 788 3374 dyocesi,
813 3290 867 3353 die
883 3290 981 3372 Jovis
1004 3288 1160 3373 proxima
1183 3295 1263 3352 ante
1286 3289 1413 3352 festum

95 3359 172 3397 ΡΜ
259 3380 359 3444 Beati
376 3379 496 3457 Luce,4
512 3382 749 3464 propositurus
766 3382 794 3445 si
810 3382 893 3465 quid
910 3382 974 3445 sibi
990 3379 1204 3464 competierit
1222 3400 1327 3463 quare
1344 3399 1413 3442 non

259 3472 444 3536 debeamus
464 3479 585 3537 contra
605 3474 717 3557 ipsum
737 3474 886 3537 seculare
906 3473 1085 3537 brachium
1105 3472 1274 3536 invocare.
1322 3471 1413 3554 Quid

259 3570 376 3628 autem
404 3565 522 3628 feceris
550 3565 584 3628 in
612 3565 794 3649 premissis,
823 3565 922 3630 nobis
950 3565 994 3628 ad
1022 3564 1112 3627 diem
1141 3563 1326 3627 rescribens
1354 3582 1414 3646 per

259 3663 338 3721 tuas
353 3655 497 3732 litteras
514 3663 578 3721 etc.
626 3658 720 3733 Dat,
737 3664 801 3722 etc.

303 3788 377 3856 357.
425 3772 566 3837 Dilectis
592 3774 627 3837 in
653 3773 788 3838 Christo
813 3774 959 3851 filiabus
986 3773 1142 3857 priorisse
1168 3778 1202 3836 et
1228 3771 1414 3835 conventui

259 3866 301 3929 de
333 3864 560 3928 Wilberfosse.
607 3865 696 3950 Quia
728 3867 821 3930 fama
853 3866 990 3950 publica
1022 3865 1203 3930 didicimus
1235 3864 1412 3939 referente,

293 4003 413 4052 ¹Words
426 4004 765 4054 inbracketsinterlined.
861 4010 953 4055 tecum
993 4019 1076 4069 super
1114 4005 1239 4068 ipsorum
1285 4004 1414 4054 ordinum

291 4069 432 4119 ²Written
446 4076 475 4120 at
490 4071 537 4120 the
558 4077 607 4147 top
624 4072 653 4120 of
674 4072 710 4120 fo.
729 4071 813 4122 ried:
860 4086 1025 4121 execueione
1037 4078 1101 4136 post
1124 4071 1284 4136 hujusmodi
1306 4070 1414 4120 fluxum

259 4138 326 4195 Nos,
340 4137 433 4202 igitur,
446 4151 528 4201 super
537 4139 644 4188 mentis
652 4146 680 4189 et
690 4139 814 4188 moribus
861 4139 992 4203 temporis
1041 4138 1254 4189 misericorditer
1292 4139 1414 4202 disspen-

260 4205 316 4254 tuis
364 4204 448 4267 digno
489 4205 596 4254 suffulti
644 4206 812 4263 testimonie,
860 4219 963 4254 samus.

259 4271 387 4336 injuncta
417 4270 575 4335 penitencia
606 4277 634 4321 et
668 4272 814 4337 impartita
894 4270 986 4321 ⁸N0w
1032 4273 1118 4323 Great
1161 4271 1294 4330 Hatfield
1348 4285 1415 4321 near
1477 4300 1480 4305 -

260 4339 346 4388 eciam
371 4338 551 4388 absolucione.
570 4338 709 4403 primitus,
732 4354 766 4389 ac
786 4345 814 4388 te
860 4340 999 4404 Homsey.

260 4418 277 4453 a
301 4405 340 4454 sic
365 4412 569 4469 sussceptorum
597 4406 658 4469 (sic)
683 4406 812 4454 ordinum
893 4405 1033 4456 ⁴Written
1047 4406 1069 4454 b.
1082 4406 1098 4455 l.
1113 4406 1141 4454 in
1157 4406 1203 4454 the
1217 4406 1334 4469 original

261 4473 424 4522 execueione
446 4472 482 4521 ad
515 4477 626 4536 tempus
656 4486 813 4538 susspenso,
