2994 4996
240 475 279 553 46
355 491 421 537 THE
443 490 606 538 REGISTER
628 491 669 536 OF
690 489 902 561 ARCHBIsHOP
923 489 1071 536 WILLIAM
1092 490 1293 537 WICKWANE.

239 647 319 710 bam
339 647 412 710 into
432 648 491 711 the
510 644 656 730 custody
675 647 711 711 ol
729 647 788 710 the
807 646 963 730 vicarage
983 646 1019 710 of
1038 646 1193 731 Kirkeby
1212 645 1392 731 Malgdale,

238 739 349 802 which
370 738 440 802 had
461 739 547 803 been
569 737 713 822 granted
735 744 772 802 to
794 738 866 801 him
888 738 940 802 till
961 738 1021 803 the
1043 739 1247 823 arcbbishop
1269 739 1392 802 should

239 850 334 894 come
352 836 388 894 to
406 831 503 894 those
520 836 625 914 parts.

98 964 195 993 eaau·
285 948 356 1012 161.
405 947 516 1012 aidus
532 947 627 1029 Junii
645 947 748 1030 (June
766 965 817 1024 12,
836 947 944 1029 1283).
991 947 1150 1013 Wiltone.
1197 948 1393 1013 Admission

240 1039 308 1103 and
326 1040 523 1104 institution
542 1040 578 1103 ol
595 1039 710 1123 Ralph
728 1039 770 1103 de
789 1038 1032 1116 Normanville,
1052 1040 1257 1117 subdeacon,
1278 1046 1315 1105 to
1334 1041 1392 1104 the

96 1217 109 1245 u
125 1205 152 1245 wi
239 1132 366 1196 church
378 1132 414 1196 of
425 1131 599 1208 Helauwe,
612 1152 656 1195 on
669 1132 727 1195 the
740 1152 825 1215 pres.
839 1131 876 1195 of
887 1131 940 1196 Sir
950 1131 1101 1215 Stephen
1113 1131 1143 1195 le
1155 1131 1302 1216 WaleyS,
1316 1133 1391 1197 knt.

211 1247 226 1278 ‘
285 1249 357 1313 162.
403 1248 517 1331 4idus
534 1248 640 1333 April.
679 1248 787 1332 (April
804 1248 979 1330 10,1283).
1008 1248 1171 1312 Burtone.
1211 1249 1282 1312 The.
1299 1269 1393 1313 same

239 1341 275 1404 oi
291 1340 408 1422 James
424 1340 466 1404 de
483 1340 598 1417 Moun,
616 1339 822 1416 subdeaeon,
840 1346 876 1404 to
894 1361 914 1404 a
929 1339 1081 1425 mediety
1094 1341 1130 1404 of
1143 1341 1201 1404 the
1214 1341 1340 1404 church
1357 1341 1393 1405 of

143 1507 148 1516 ,
197 1517 211 1546 0
240 1432 390 1518 Bubwyt
376 1433 444 1510 t,he
463 1438 538 1496 ont
524 1432 582 1496 the
599 1452 685 1516 pres,
704 1431 837 1516 oflady
852 1431 990 1516 Angnes
1007 1431 1048 1495 de
1064 1432 1185 1516 Vescy.

159 1618 186 1656 „g
285 1562 356 1642 163
405 1561 445 1625 16
468 1562 536 1625 kal.
568 1561 661 1645 Sept
694 1561 793 1662 (Aug.
828 1561 1010 1644 17,1283).
1057 1561 1217 1626 Wiltone
1265 1561 1393 1626 Contra

90 1619 1122 1747 ’Ξίξῐτζῑυῑε-(ωρεᾱιεη6516516111161111.11116111((1116111311
1146 1653 1280 1718 Christo
1304 1654 1391 1730 filiis,

75 1759 102 1798 wi
150 1769 163 1796 0
240 1745 374 1809 officiali
391 1745 619 1809 archidiaconi
635 1705 853 1821 Ε11111161161,
873 1753 906 1809 et
924 1745 1053 1809 decano
1070 1745 1302 1821 Pontislracti,
1320 1745 1392 1822 sal,

91 1859 110 1897 ο·
150 1870 180 1907 so,
239 1845 302 1901 etc.
352 1837 447 1900 Inter
463 1844 592 1900 ceteras
609 1836 853 1901 sollicitudines
869 1857 955 1920 quas
972 1858 1014 1901 ex
1032 1836 1132 1901 officii
1149 1843 1227 1901 nost
1230 1838 1257 1900 ri
1213 1837 1392 1901 tdebito

75 1919 143 1997 unffi
172 1970 209 2017 οἱ
239 1929 487 2012 amplectimur,
512 1928 605 1992 illam
628 1929 797 1993 cemimus
818 1928 1014 2012 prompcius
1036 1928 1300 2012 inpendendam,
1324 1950 1394 2012 qua

74 2020 154 2098 3⁶3„
211 2028 219 2038 “
239 2021 424 2084 studiosius
440 2020 528 2084 tueri
545 2020 764 2103 astringimur
779 2020 919 2084 ultimas
935 2021 970 2083 in
987 2021 1135 2084 Domino
1152 2020 1393 2085 decedencium

238 2112 445 2176 voluntates.
502 2111 598 2189 Cum,
636 2112 764 2195 itaque,
802 2112 956 2176 nonnulli
993 2118 1241 2177 testamentum
1279 2113 1395 2177 taliter

239 2204 392 2268 defuncti
423 2223 465 2266 ex
496 2203 703 2287 quibusdam
735 2204 845 2267 causis
876 2204 1084 2281 confictieiiS,
1117 2211 1156 2268 ut
1188 2205 1392 2287 accepimuS,

239 2295 427 2379 inpediant,
442 2295 626 2379 quominus
640 2301 837 2359 executores
851 2296 1051 2360 testamenti
1065 2296 1218 2380 ejusdem
1233 2296 1394 2360 adminis-

239 2387 426 2451 tracionem
442 2387 585 2451 liberam
603 2393 839 2470 assequantur,
858 2387 1036 2452 devocioni
1053 2393 1165 2452 vestre
1183 2388 1393 2472 injungimus

239 2486 273 2544 et
287 2479 493 2543 mandamus
506 2479 670 2562 quatinus
684 2479 819 2543 faciatis
832 2479 866 2542 in
882 2479 1028 2543 ecclesiis
1042 2479 1176 2563 publice
1191 2479 1394 2563 proclamari

238 2571 332 2654 quod
354 2569 551 2655 hujusmodi
574 2570 798 2655 impedientes
820 2570 988 2635 desistant
1010 2571 1148 2654 penitus
1170 2572 1215 2635 ab
1236 2571 1392 2654 inceptis,

238 2662 472 2746 sicutmajoris
482 2662 846 2727 excommunicacionis
856 2663 1065 2727 sentenciam
1076 2663 1393 2738 evitarevoluerint,

238 2754 492 2838 promulgatam
507 2753 708 2837 generaliter
723 2761 843 2818 contra
859 2753 954 2818 tales.
1001 2754 1103 2838 Quod
1118 2755 1146 2818 si
1161 2755 1196 2817 in
1213 2754 1393 2818 rebellione

239 2866 301 2910 sua
312 2846 533 2930 pertinaciter
542 2846 844 2929 perseveraverint,
856 2845 1048 2929 procedatis
1059 2846 1210 2922 ulterius
1222 2854 1393 2930 quatenus

238 2939 370 3022 justum
387 2938 499 3014 fuerit,
517 2943 637 3001 contra
653 2957 719 3001 eos.

285 3067 357 3151 164.
404 3067 498 3144 Dat,
512 3072 576 3130 etc.
591 3066 656 3143 W,
670 3073 747 3143 etc,
761 3067 864 3150 priori
877 3065 995 3131 Sancti
1008 3065 1156 3130 Oswaldi
1170 3066 1211 3130 de
1228 3066 1391 3144 Nostelle,

239 3166 303 3225 etc.
350 3159 470 3223 Vestre
494 3158 708 3222 discrecionis
734 3158 938 3222 industriam
969 3159 1130 3223 sincerius
1162 3157 1391 3235 attendentes,

98 3228 185 3310 ame‘v'.
240 3251 417 3316 devocioni
450 3257 562 3314 vestre
596 3250 800 3334 precipimus
833 3257 867 3314 et
901 3249 1106 3314 mandamus
1138 3251 1313 3333 quatinus
1348 3251 1393 3314 ad

238 3343 484 3407 monasterium
507 3341 708 3406 dilectarum
731 3342 766 3405 in
789 3341 923 3406 Christo
946 3341 1103 3419 filiarum,
1127 3343 1327 3407 monialium
1351 3342 1392 3405 de

240 3435 439 3518 Hanepolle,
468 3433 691 3518 personaliter
717 3433 927 3511 accedentes,
956 3441 1074 3498 nostra
1101 3435 1307 3498 auctoritate
1335 3454 1392 3497 ex-

238 3527 399 3592 cerceatis
413 3525 623 3590 visitacionis
637 3524 786 3590 officium
801 3526 894 3609 apud
909 3545 966 3589 eas
981 3548 988 3603 ;
1018 3531 1052 3589 et
1068 3526 1095 3589 si
1109 3546 1179 3610 qua
1193 3525 1392 3609 corrigenda

238 3618 446 3695 inveneritis
479 3638 520 3681 ea
550 3617 713 3702 corrigere
745 3616 924 3694 studeatiS,
957 3623 1060 3701 prout
1092 3617 1253 3702 regularis
1285 3617 1391 3701 exigit

239 3709 417 3794 disciplina
432 3732 439 3787 ;
474 3730 514 3773 ac
535 3709 761 3773 correcciones
778 3730 865 3793 quas
882 3708 1023 3793 provide
1041 3709 1241 3785 indixeritiS,
1256 3709 1390 3773 faciatis

239 3803 273 3866 in
287 3801 439 3886 personis
453 3800 662 3885 quibuslibet
677 3801 850 3865 observari
866 3824 872 3878 ;
902 3821 988 3885 quas
1003 3807 1037 3865 et
1052 3821 1124 3877 nos,
1140 3808 1311 3886 quatenus
1326 3801 1391 3864 rite

238 3895 329 3959 facte
350 3893 487 3970 tuerint,
509 3898 602 3956 ratas
622 3892 825 3956 habebimus
845 3899 880 3956 et
901 3899 1070 3976 acceptas
1117 3891 1217 3976 Quod
1237 3893 1265 3955 si
1286 3893 1392 3956 rebel-

238 3986 363 4050 lionem
384 3984 565 4069 aliqualem
585 3985 755 4048 senseritis
775 3985 809 4049 in
829 3985 1011 4068 premissis
1031 3983 1067 4048 id
1085 3985 1184 4049 nobis
1203 3984 1391 4068 significare

237 4078 372 4155 curetis,
387 4084 497 4141 etnos
511 4076 727 4160 deprompto
742 4076 890 4141 remedio
903 4075 1169 4161 providebimus
1185 4075 1290 4141 dante
1306 4076 1389 4140 Dee.

283 4194 355 4275 165.
403 4192 514 4258 aidus
529 4192 615 4277 Aug.
634 4192 733 4277 (Aug.
752 4210 803 4269 12,
821 4192 929 4274 1283).
977 4191 1131 4257 Cawode.
1178 4191 1247 4257 Suo
1262 4192 1392 4258 decano

236 4287 279 4352 de
297 4286 454 4372 Aynesty
472 4284 629 4361 salutem,
649 4292 714 4349 etc.
761 4283 931 4368 Quoniam
950 4283 1089 4349 celebris
1106 4283 1217 4348 laudis
1235 4285 1395 4369 preconio

236 4378 482 4444 catholicarum
529 4376 745 4440 eeclesiarum
793 4376 1005 4444 consecracio
1050 4376 1153 4441 luerit
1198 4376 1394 4442 extollenda

236 4470 407 4535 Dominici
419 4469 551 4554 Templi
564 4467 736 4533 dedicacio
749 4467 842 4553 apud
854 4467 962 4533 Vetus
974 4467 1234 4534 Testamentum
1247 4468 1387 4546 indicat,
