2994 4996
271 445 310 506 62
387 454 453 503 THE
476 462 638 506 REGISTER
660 464 701 506 OF
723 464 933 508 ARCHBISHOP
955 466 1102 509 WILLIAM
1124 467 1324 512 WICKWANE.

270 618 439 700 possimus
463 615 600 678 reddere
624 617 805 694 racionem,
829 637 892 682 nec
914 619 1067 683 acerbius
1091 620 1155 683 sibi
1177 621 1238 684 fiat
1261 622 1355 705 quod
1378 607 1426 688 sic

270 706 448 773 scribimus
463 728 524 792 pro
540 707 670 772 eodem.

107 827 241 866 nanuum
314 820 387 867 202.
437 817 476 864 12
506 799 573 863 kal.
602 800 683 864 Dec.
703 800 804 881 (Nov.
825 805 1005 886 20),1279.
1052 802 1192 888 Scroby.
1241 805 1425 889 inquisicio

106 879 231 976 ἷῖζξξῗςηῑοῃ
269 915 370 978 super
407 892 510 956 cartis
552 893 767 958 combustis1.
814 893 880 970 W,
906 900 982 970 etc,
1009 894 1247 960 archidiacono
1282 897 1425 982 Noting-

106 980 248 1067 ffissffffllegs,
270 988 392 1064 hamie,
422 985 476 1048 vel
504 986 577 1069 ejus
605 984 750 1061 officiali,
779 985 936 1062 salutem,
965 993 1030 1050 etc.
1078 986 1310 1070 Repentinum
1338 991 1425 1073 ignis

105 1079 256 1177 {friljgtffi‘l
269 1079 495 1144 intortunium
517 1077 709 1141 desolatum
730 1083 765 1140 et
786 1097 918 1140 merens
940 1079 1186 1143 monasterium
1207 1079 1248 1143 de
1271 1080 1424 1166 Marseye

105 1178 219 1267 gesggred
269 1191 378 1254 nuper
402 1169 505 1235 cartis
531 1175 565 1232 et
591 1169 813 1233 munimentis
839 1169 908 1232 suis
933 1169 1111 1252 pensiones
1137 1177 1171 1234 et
1197 1173 1423 1254 possessiones

122 1241 135 1277 y
185 1260 189 1268 '
269 1263 374 1346 ipsius
410 1262 532 1326 domus
568 1261 782 1324 continentes
819 1261 893 1341 (sic)
930 1262 1049 1324 acerbe
1085 1262 1293 1345 privaverat,
1330 1266 1424 1348 quod

269 1354 423 1418 dolemus
439 1378 446 1431 ;
480 1352 581 1428 unde,
601 1353 635 1415 in
652 1352 782 1415 virtute
799 1359 834 1415 et
851 1352 988 1416 vinculo
1006 1373 1084 1416 vere
1102 1354 1307 1432 obediencie,
1326 1358 1424 1421 vobis

269 1447 478 1530 injungimus
502 1465 563 1527 per
586 1449 759 1527 presentes
784 1444 958 1526 quatinus
985 1445 1019 1506 in
1044 1445 1145 1527 pleno
1169 1445 1233 1509 loci
1259 1448 1421 1530 capitulo,

269 1559 288 1600 a
306 1538 477 1621 religiosis,
495 1536 693 1611 rectoribus,
712 1542 746 1598 et
763 1535 908 1611 vicariiS,
927 1536 972 1599 ad
988 1536 1053 1599 hoc
1069 1537 1260 1620 specialiter
1277 1559 1421 1603 evocan-

268 1630 331 1706 dis,
343 1630 384 1693 de
400 1636 527 1704 tenore,
543 1628 700 1703 veritate,
714 1647 773 1690 seu
789 1626 830 1690 de
846 1627 1043 1691 substancia
1058 1629 1240 1712 cujuslibet
1255 1631 1422 1714 scripture

268 1722 315 1784 sic
342 1721 517 1804 deperdite
543 1726 577 1783 et
604 1719 793 1795 combusta
820 1719 998 1803 pensiones
1025 1726 1059 1783 et
1085 1721 1312 1803 possessiones
1338 1722 1422 1787 dicti

268 1813 465 1877 monasterii
492 1818 572 1875 ante
599 1831 716 1874 casum
743 1810 920 1874 infortunii
947 1811 1164 1888 continentis,
1192 1814 1360 1896 exquisite
1387 1822 1422 1879 et

268 1905 412 1969 fideliter
431 1925 491 1987 per
509 1908 762 1966 sacramentum
782 1903 1045 1967 testificancium
1064 1904 1255 1987 inquiratis,
1276 1912 1310 1969 et
1330 1906 1423 1990 quod

268 2017 309 2060 ex
325 2017 405 2060 vero
420 1997 475 2060 vel
489 1995 662 2058 verisimili
677 1994 874 2058 testimonio
889 1995 1096 2071 inveneritis,
1112 1996 1211 2059 nobis
1226 1997 1420 2062 evidencius

267 2089 469 2152 rescribatis.
517 2086 647 2150 Valete.

102 2187 234 2278 &333⁰ss
311 2199 384 2261 203.
432 2180 553 2243 Coram
576 2178 684 2254 vobis,
708 2177 845 2241 domine
867 2176 1018 2241 officialis
1041 2178 1170 2242 domini
1193 2180 1421 2244 archidiaconi

101 2288 247 2388 geiggggetodo
267 2272 519 2356 Notinghamie‚
553 2270 629 2333 dico
661 2290 732 2353 ego,
766 2269 915 2333 Thomas
947 2270 988 2333 de
1021 2269 1216 2348 Gateforde,
1250 2272 1355 2348 faber,
1389 2280 1422 2337 et

102 2385 419 2478 ffiffiltg'v'pmpono
450 2362 554 2446 qUOd,
588 2382 665 2425 Cum
697 2382 758 2444 pro
791 2360 968 2437 adulterio,
1002 2383 1022 2425 ἃ
1054 2383 1108 2425 me
1140 2364 1331 2441 commisso
1363 2385 1424 2449 per

102 2490 253 2538 pavatineas

101 2540 155 2578 ΜΗ·
266 2569 365 2631 pena,
401 2568 506 2630 quam
541 2552 718 2629 gratanter
752 2545 872 2627 recepi,
908 2552 941 2609 et
977 2546 1090 2628 gracia
1123 2547 1268 2630 juvante
1304 2548 1422 2611 divina

267 2640 462 2723 perficiam3
517 2658 642 2721 penam
669 2637 901 2719 pecuniariam
929 2658 990 2720 pro
1018 2637 1137 2701 eodem
1166 2638 1290 2703 delicto
1319 2661 1339 2702 a
1366 2661 1420 2703 me

266 2733 397 2815 exigere
412 2752 480 2794 non
495 2730 637 2806 debetis,
653 2729 802 2791 maxime
817 2749 895 2791 cum
910 2749 1035 2813 penam
1050 2731 1259 2813 corporalem
1281 2732 1421 2795 arbitrio

265 2824 346 2887 boni
362 2823 495 2907 judicis,
513 2843 573 2905 per
589 2841 649 2885 vos
673 2820 776 2884 michi
800 2820 1030 2904 infligendam,
1049 2822 1195 2905 recipere
1212 2829 1246 2886 et
1262 2823 1421 2906 perficere

266 2917 329 2978 sim
346 2921 498 2998 paratus,
515 2921 549 2978 et
566 2919 667 2977 tanta
677 2919 881 2995 paupertate
898 2912 1049 2976 laborem
1060 2913 1154 2996 quod
1165 2914 1210 2977 ad
1220 2915 1420 2978 solvendam
1484 2975 1488 2980 .

265 3008 445 3091 pecuniam
456 3012 614 3069 exactam
627 3025 695 3068 non
707 3010 896 3087 suppetunt
913 3004 1106 3082 facultates,
1120 3026 1221 3090 super
1229 3026 1298 3090 quo
1312 3008 1421 3071 iacere

265 3100 367 3164 fidem
394 3104 574 3183 promptus
600 3117 677 3160 sum
703 3116 763 3179 per
787 3096 961 3179 corporale
990 3104 1254 3174 sacramentum,
1282 3099 1336 3162 vel
1361 3119 1422 3182 per

264 3192 521 3275 inquisicionem
553 3210 573 3252 a
605 3188 724 3252 vicinis
755 3195 790 3251 et
820 3188 984 3271 proximis
1015 3189 1218 3266 faciendam,
1257 3190 1284 3253 si
1322 3191 1420 3254 vobis

263 3283 440 3367 placuerit,
474 3281 564 3345 unde
595 3287 675 3363 peto
706 3279 800 3363 quod
830 3299 965 3363 penam,
994 3301 1055 3363 pro
1085 3281 1239 3364 predicta
1277 3283 1421 3367 pecunia

263 3396 332 3439 non
368 3376 481 3439 soluta
517 3373 621 3436 michi
666 3371 842 3447 inflictam,
889 3371 1057 3449 relaxetis,
1096 3373 1206 3456 ipsam
1244 3374 1278 3438 in
1318 3375 1420 3438 aliam

263 3466 509 3531 commutando
525 3485 660 3548 penam.

99 3598 203 3638 Lm„
308 3578 381 3641 204.
431 3555 876 3639 13kal.Dec.(Nov.19),
901 3574 994 3640 1279.
1042 3555 1181 3641 Scroby.
1229 3557 1418 3622 Memoran-

99 3649 250 3738 {ffigssof
263 3651 346 3716 dum
370 3650 463 3734 quod
487 3648 680 3733 Antelynus
704 3647 793 3731 Day,
819 3654 929 3711 rector
952 3648 1088 3712 ecclesie
1113 3649 1154 3712 de
1179 3648 1416 3733 Sibbethorpe,

98 3749 219 3799 Sibthvve·
262 3745 367 3807 habet
382 3742 558 3806 licenciam
573 3739 808 3804 commorandi
823 3739 857 3802 in
873 3739 988 3803 studio
1004 3740 1152 3804 Parisius
1167 3761 1275 3824 usque
1290 3742 1417 3805 festum

262 3835 379 3900 Sancti
398 3833 565 3917 Johannis
583 3832 741 3914 Baptiste
760 3830 864 3913 (June
883 3836 949 3913 24),
968 3832 1018 3895 ita
1035 3832 1129 3914 quod
1147 3840 1230 3897 tunc
1248 3832 1365 3896 redeat
1383 3841 1418 3897 et

261 3928 366 3992 iaciat
385 3946 420 3990 se
439 3925 588 3989 ordinari
607 3925 641 3986 in
660 3924 886 4006 presbiterum
905 3923 940 3986 in
959 3924 1123 4006 proximis
1141 3924 1327 3989 ordinibus,

98 4015 237 4055 mm
306 4022 396 4099 2052.
444 4015 958 4099 8kal.Dec.(Nov.24,1279i·
1006 4014 1145 4100 Seroby.
1193 4016 1261 4081 Suo
1276 4017 1417 4090 decano,

98 4066 135 4106 the
143 4065 199 4105 dean
209 4070 232 4105 to

97 4117 228 4206 3333fo
261 4112 418 4185 salutem,
442 4115 506 4173 etc.
554 4108 693 4171 Moneas
709 4114 744 4170 et
757 4106 898 4170 inducas
921 4107 1028 4171 eciam
1043 4128 1122 4172 cum
1145 4108 1269 4173 effectu
1292 4108 1414 4192 magis-

97 4217 241 4317 leffium
262 4210 355 4268 trum
367 4202 569 4276 Robertum,
581 4200 747 4262 vicarium
758 4198 894 4263 ecclesie
906 4199 1013 4263 Beate
1025 4199 1129 4263 Marie
1140 4201 1182 4264 de
1194 4200 1417 4284 Notingham,

97 4319 240 4408 {fiereffieof
297 4342 452 4405 lMarginal
465 4340 583 4403 heading
596 4355 633 4390 on
652 4341 688 4390 fo.
709 4339 757 4387 120
767 4353 811 4387 :-
897 4338 1055 4402 ⁹Marginal
1074 4339 1193 4404 heading
1206 4356 1243 4390 on
1257 4341 1294 4391 fo.
1313 4339 1362 4388 120
1374 4355 1419 4388 :-

96 4418 128 4458 st.
155 4419 217 4458 ohus
262 4413 277 4433 ’'
292 4413 344 4460 Pro
347 4448 517 4461 .......
538 4410 571 4458 de
588 4409 715 4472 Marseye
728 4418 810 4469 super
864 4405 971 4469 ⁸¹Quod
997 4407 1071 4457 bona
1095 4407 1241 4470 cujusdam
1269 4406 1417 4472 hospitalis

98 4469 204 4518 hospital.
260 4479 440 4544 inquisicione
454 4477 607 4526 iacienda.''
861 4487 918 4522 non
931 4474 1114 4525 alienentur.¹'
