2994 4996
208 498 274 546 mu
297 499 460 547 REGISTER
480 500 523 545 OF
544 498 755 545 ARCHBISHOP
775 497 923 555 WILLIAM
944 497 1145 544 WICKWANE.
1219 497 1258 559 91

103 660 114 744 j
119 666 205 724 uxta
223 659 457 726 Beverlacum.
514 658 682 725 Omnibus
699 659 824 724 Christi
840 659 997 724 fidelibus
1013 659 1079 723 hoc
1094 658 1261 743 scriptum
1273 657 1311 698 ¹²⁰·
1324 655 1386 699 ¹¹⁸⁶*

106 751 228 816 visuris
260 753 315 816 vel
348 752 516 817 audituris
549 751 725 835 Johannes
757 751 800 815 de
832 750 1062 835 Queldricke,1
1095 749 1188 834 prior
1219 748 1262 813 de
1273 757 1345 848 Ἢ
1355 756 1386 848 gr

105 842 265 921 Wartria‚
298 845 445 909 salutem
477 844 511 908 in
544 843 693 922 Domino
724 843 979 927 sempiternam.
1026 842 1115 926 Quia
1146 840 1262 906 dilecti
1289 819 1303 848 ⁰
1316 818 1409 948 argitate.

105 935 176 1012 filii,
208 935 394 1018 JohanneS,
425 936 593 1021 supprior,
625 941 660 999 et
691 940 882 1000 conventus
911 940 1028 999 noster
1057 933 1130 1018 jam
1160 933 1261 997 solito
1274 907 1366 1008 illu,

108 1026 269 1092 devocius
286 1027 360 1092 Deo
381 1028 546 1105 serviunt,
570 1033 607 1092 et
634 1026 925 1111 psalmodizantes
945 1044 1071 1110 pausas
1094 1024 1262 1110 longiores
1273 1008 1407 1108 32⁰⁸&

106 1118 140 1182 in
179 1119 292 1183 medio
329 1120 512 1205 cujuslibet
550 1139 668 1184 versus
716 1118 761 1182 ad
799 1117 1069 1183 exortacionem²
1106 1122 1261 1181 nostram
1273 1107 1426 1208 ξζξᾛξω

104 1210 249 1295 benigne
278 1211 420 1288 iaciunt,
450 1217 485 1276 et
525 1211 789 1296 imperpetuum,
820 1211 893 1274 Deo
922 1208 1121 1286 auxiliante,
1151 1207 1409 1301 facereggm

105 1302 303 1387 disponunt,
334 1303 475 1388 dignum
496 1309 548 1368 est
568 1309 609 1368 ut
628 1302 670 1367 de
690 1303 789 1368 bonis
809 1322 887 1386 que,
909 1301 983 1366 Deo
1003 1307 1153 1379 auctore,
1174 1306 1261 1366 tem·
1273 1308 1358 1349 forim-
1391 1361 1402 1399 t

104 1394 245 1478 poribus
263 1395 388 1459 nostris
408 1395 657 1479 adquisivimus
677 1394 805 1459 eisdem
822 1393 987 1464 libencius
1007 1391 1259 1477 imperciamus.
1272 1369 1391 1500 W

106 1485 196 1550 Hinc
211 1492 263 1550 set
278 1486 372 1570 quod
388 1487 530 1571 triginta
544 1486 670 1551 solidos
685 1505 817 1550 annuos
832 1485 876 1550 de
890 1490 981 1550 terra
995 1504 1102 1569 quam
1117 1503 1227 1570 nuper
1240 1505 1261 1548 a
1299 1470 1312 1500 ⁰

104 1577 257 1660 Jordano
270 1578 312 1642 de
325 1578 554 1663 Homigtone³
571 1578 726 1655 emimus,
739 1576 867 1642 eisdem
879 1583 914 1642 et
930 1596 1048 1642 eorum
1063 1575 1261 1641 successori-

105 1669 180 1745 bus,
196 1669 241 1733 ad
254 1671 382 1754 species
395 1670 461 1735 sibi
474 1670 646 1747 emendas,
662 1669 704 1733 de
718 1688 877 1754 expresso
891 1688 1057 1753 consensu
1070 1673 1262 1733 conventus

105 1761 224 1838 nostri,
242 1761 501 1847 assignavimus,
518 1768 558 1827 ut
574 1780 700 1846 pausas
715 1760 887 1846 predictas
903 1759 1065 1825 devocius
1080 1759 1210 1825 faciant
1226 1765 1262 1824 et

106 1853 310 1931 sustineant,
337 1859 377 1918 ut
402 1853 556 1938 superius
582 1860 635 1919 est
660 1872 881 1938 expressum·;
916 1853 977 1930 ita,
1002 1858 1131 1929 tamen,
1155 1850 1260 1936 quod,

105 1945 250 2028 pecunia
268 1946 344 2030 ipsa
362 1951 499 2030 recepta
517 1966 578 2030 per
596 1944 795 2010 celerarium
812 1944 873 2028 qui
891 1965 953 2028 pro
973 1950 1127 2029 tempore
1145 1943 1260 2020 fuerit,

106 2057 146 2101 ac
158 2058 220 2121 pro
234 2038 433 2121 quantitate
446 2037 588 2122 pecunie
601 2036 778 2120 speciebus
791 2036 917 2121 emptis
931 2035 974 2100 de
987 2035 1118 2113 eadem,
1132 2035 1261 2120 species

107 2127 161 2191 ille
202 2129 291 2193 inter
329 2135 539 2194 conventum
577 2128 830 2193 distribuantur
858 2134 898 2193 ut
927 2127 1073 2213 pecunia
1112 2127 1188 2217 ipsa
1216 2125 1262 2192 ad

106 2240 228 2285 manus
249 2227 439 2285 conventus
459 2221 638 2306 perveniat
657 2240 798 2304 quoquo
818 2218 932 2284 mode.
979 2219 1027 2284 Et
1046 2225 1087 2285 ut
1106 2217 1262 2304 predicta

107 2312 211 2377 robur
232 2313 384 2378 habeant
407 2312 592 2390 firmitatis,
616 2312 652 2376 in
676 2331 794 2376 omnes
817 2311 1125 2389 contravenientes,
1149 2310 1179 2376 si
1201 2309 1262 2394 qui

105 2424 168 2487 pro
185 2409 339 2488 tempore
356 2405 494 2481 fuerint,
512 2403 607 2488 quod
624 2403 725 2481 absit,
744 2402 1110 2468 excommunicacionis
1126 2408 1262 2467 senten·

105 2495 194 2559 ciam
213 2496 352 2560 ferimus
370 2496 405 2559 in
423 2496 488 2561 hiis
506 2495 664 2580 scriptis;
701 2495 805 2560 salvis
823 2495 858 2559 in
876 2494 1036 2560 omnibus
1054 2493 1261 2560 auctoritate

105 2592 140 2651 et
163 2587 238 2671 jure
262 2587 392 2651 domini
410 2587 524 2652 nostri
556 2586 800 2673 archiepiscopi
824 2586 1049 2652 Eboracensis
1073 2592 1108 2651 et
1131 2604 1262 2652 succes-

105 2698 221 2743 sorum
237 2700 388 2756 suorum,
406 2700 447 2744 ac
463 2679 600 2745 ecclesie
616 2679 842 2744 Eboracensis
857 2679 943 2763 jure,
960 2677 1208 2763 jurisdiccione,
1226 2683 1262 2743 et

106 2769 283 2855 dignitate.
330 2772 378 2835 Et
391 2772 426 2835 in
439 2771 682 2855 premissorum
695 2769 932 2836 testimonium
945 2769 1092 2854 sigillum
1104 2775 1262 2835 nostrum

106 2863 255 2945 presenti
280 2864 407 2947 scripto
434 2862 666 2947 apposuimus,
692 2868 728 2927 et
753 2862 781 2927 si
807 2862 812 2875 '
840 2882 901 2927 um
925 2861 1129 2927 venerabilis
1153 2861 1262 2946 patris

105 2955 224 3031 nostri,
266 2953 436 3032 Willelmi,
479 2955 544 3019 Dei
584 2954 698 3039 gracia
739 2953 964 3019 Eboracensis
1005 2953 1260 3038 archiepiscopi,

106 3047 233 3130 apponi
253 3047 522 3130 procuravimus,
544 3047 579 3110 in
600 3046 897 3111 confirmacionem
917 3051 1121 3130 perpetuam
1140 3062 1261 3110 eorun-

105 3136 193 3202 dem.

104 3263 109 3312 ¹
149 3268 242 3350 307.4
288 3268 419 3349 (March
452 3286 503 3349 14,
537 3266 703 3352 1279-80).
750 3266 819 3332 Suo
850 3267 980 3331 decano
1010 3265 1261 3344 Holdemessie,
1275 3266 1416 3360 {mg

105 3359 177 3436 sal,
196 3365 259 3423 etc.
308 3360 487 3424 intellecto
504 3380 567 3444 par
583 3364 661 3423 tuas
677 3358 811 3424 litteras
826 3357 921 3442 quod
936 3357 1003 3435 W,
1019 3358 1111 3424 lator
1125 3379 1261 3444 presen-
1275 3367 1406 3410 noum

105 3450 206 3527 cium,
223 3451 397 3534 quendam
412 3451 587 3515 hominem
602 3451 638 3514 in
653 3450 767 3515 hostio
783 3449 920 3515 ecclesie
935 3449 978 3514 de
994 3449 1134 3535 Pagula,
1151 3471 1261 3536 usque
1275 3421 1341 3510 &⁸1¹²
1339 3417 1402 3509 ἔξω
1401 3437 1410 3448 “

107 3542 152 3606 ad
190 3542 389 3607 effusionem
429 3542 613 3627 sanguinis,
653 3542 867 3625 percusserit,
906 3542 1068 3626 quodque
1089 3541 1181 3608 idern
1205 3541 1259 3609 W.
1274 3529 1424 3620 fflm'

104 3634 306 3698 satisfecerit
331 3635 396 3719 ipsi
419 3635 499 3711 leso,
531 3633 678 3699 eamdem
707 3632 760 3698 W.
792 3632 837 3698 ad
866 3639 901 3698 te
930 3653 1033 3718 super
1060 3633 1261 3719 hujusmodi
1273 3617 1418 3711 fflffi

104 3725 277 3810 sacrilegio
289 3727 470 3790 commisso
483 3726 691 3791 remittimus
704 3725 902 3790 absolutum
917 3747 924 3802 ;
949 3725 1010 3802 ita,
1024 3731 1153 3804 tamen,
1166 3727 1261 3811 quod
1274 3718 1361 3762 dm·

104 3817 139 3880 in
155 3817 242 3882 ostio
258 3818 405 3894 ecclesie,
423 3818 584 3882 adstante
599 3818 885 3902 parochianorum
899 3817 1133 3896 multitudine,
1149 3819 1261 3886 tribus

105 3909 225 3974 diebus
244 3909 487 3993 solempnibus,
508 3909 630 3974 statim
649 3915 729 3993 post
748 3909 877 3975 lectum
897 3908 1135 3995 Evangelium‚
1157 3931 1261 3977 causa

105 4001 271 4085 exposita,
292 4007 362 4065 tres
380 4002 522 4086 recipiat
541 4000 748 4086 disciplinas,
768 4021 808 4066 ac
827 4021 943 4066 coram
960 4021 1087 4087 magno
1105 4001 1207 4068 altari
1224 4002 1261 4068 in

106 4092 255 4156 cancello
274 4112 409 4157 cereum
429 4092 568 4157 dimidie
586 4093 671 4158 libre
690 4113 764 4158 cere
784 4093 949 4170 conferat,
969 4091 1054 4159 dum
1085 4092 1261 4159 duraverit

105 4182 371 4249 accendendum.
410 4186 467 4262 Et,
485 4185 513 4249 si
529 4185 564 4249 id
580 4184 690 4250 iacere
705 4183 900 4262 neclexerit,
918 4183 1065 4251 eundem
1090 4205 1170 4251 cum
1192 4185 1262 4251 tuis

137 4347 315 4412 lQueldrike.
352 4349 498 4400 Fo.118d,
753 4348 784 4381 ⁴⁸¹
794 4350 849 4400 Pro
869 4349 992 4415 quodam
1022 4351 1264 4402 excommunicato

138 4425 400 4480 ’exhortacionem
439 4428 510 4480 rua
715 4415 945 4469 reconciliando?
993 4415 1132 4482 Martius-1
1149 4417 1265 4484 rading
1324 4439 1327 4444 ·

135 4504 357 4572 ⁸Horningtone¹
394 4507 465 4558 Ibid.
725 4497 762 4534 on
774 4483 811 4534 f⁰·
824 4482 902 4534 ll8d·
