2994 4996
261 435 319 515 178
369 449 436 497 THE
458 450 621 496 REGISTER
643 451 684 495 OF
705 448 916 495 ARCHBISHOP
937 449 1085 495 WILLIAM
1106 449 1308 495 WICKWANE.

262 606 395 691 justum
411 610 446 670 et
461 604 664 669 canonicum
679 604 783 668 fuerit
798 603 833 667 in
847 603 913 668 hac
927 609 1036 687 parte.
1084 601 1175 687 Quid
1190 602 1232 667 de
1247 601 1423 686 premissis

263 696 422 774 feceritis,
444 697 544 761 nobis
565 695 621 760 vel
642 696 882 760 commissariis
903 695 1029 760 nostris
1050 715 1111 779 per
1132 694 1265 760 litteras
1287 699 1424 759 vestras

263 795 434 873 patentes,
452 789 576 853 harum
593 788 713 852 seriem
730 788 956 864 continentes,
974 786 1122 852 fideliter
1137 786 1315 854 intimetis·

100 921 203 964 manda„
216 923 240 958 ,0
307 881 383 963 462.
430 880 570 944 Eisdem
586 880 641 943 die
658 886 692 944 et
708 879 793 944 loc0.
840 880 990 944 Domino
1007 877 1059 957 G,
1077 878 1273 944 subdecano
1289 878 1424 944 Ebora-

101 974 241 1014 *hffimtm
265 974 367 1050 censi,
404 978 439 1036 et
474 972 638 1056 magistro
675 971 717 1036 R.
754 972 797 1035 de
833 971 1041 1056 Pickeringe,
1077 971 1191 1056 legum
1226 971 1422 1055 professori.

100 1033 200 1064 Sllmm0ss

102 1072 218 1113 MasterR.
265 1066 446 1130 Intuentes
489 1070 622 1128 statum
665 1064 827 1128 misemm
870 1069 905 1127 et
949 1064 1137 1128 deformem
1181 1062 1424 1128 Dunelmensis

101 1124 189 1170 Avenel,

104 1173 204 1222 Rogerle
266 1157 413 1233 ecclesie,
453 1156 666 1239 suffraganee
704 1161 835 1243 nostre,
870 1176 937 1240 que
975 1155 1040 1220 sub
1078 1154 1202 1219 umbra
1239 1155 1425 1239 pastoralis

102 1224 180 1270 Count,

101 1271 244 1330 aravium
266 1249 437 1333 regiminis
462 1249 530 1312 ruit
555 1248 667 1325 hodie,
693 1248 800 1330 proch
824 1247 931 1324 dolor,
957 1246 1122 1324 desolata,
1148 1246 1243 1323 dum,
1269 1247 1425 1331 fugiente

101 1323 239 1422 iot'asspussilm
266 1347 403 1425 pastore
423 1340 642 1416 mercenario
664 1339 789 1404 relictis
809 1340 931 1405 ovibus
951 1345 986 1403 et
1006 1338 1179 1423 neglectis,
1199 1359 1270 1403 non
1290 1344 1342 1404 est
1363 1338 1425 1423 qui

101 1423 222 1521 iiiiii?
266 1454 384 1498 curam
409 1432 444 1496 in
468 1431 703 1515 spiritualibus
728 1432 802 1516 ejus
827 1437 919 1516 agat,
944 1431 1136 1515 quinimmo
1161 1430 1303 1495 exulant
1328 1430 1425 1514 apud

102 1525 161 1564 ΒΜ
172 1523 221 1561 ⁹⁸¹⁰
267 1546 343 1589 eam
361 1524 497 1608 justicie
516 1523 683 1600 tramitae,
704 1529 738 1587 et
756 1523 915 1607 populus,
935 1523 990 1587 cui
1008 1523 1043 1587 in
1061 1523 1200 1607 justicia
1217 1521 1425 1606 requirenda

102 1585 146 1613 was
158 1573 195 1612 the

102 1621 242 1713 ffissnd
266 1617 443 1681 intendere
453 1615 589 1692 debeat,
603 1615 735 1680 titubat
745 1616 883 1699 penitus
897 1622 931 1680 et
946 1614 1096 1693 vacillat,
1108 1620 1209 1680 tanto
1223 1614 1425 1699 diligencius

102 1723 243 1813 gegoffthe
266 1709 331 1773 hiis
350 1729 492 1772 manum
512 1728 683 1791 apponere
702 1708 896 1773 censuimus
916 1707 1131 1790 adjutricem,
1152 1712 1285 1791 quanto
1304 1727 1426 1771 curam

103 1785 207 1864 &tritt
266 1801 419 1885 predicte
445 1800 610 1884 dyocesis,
638 1799 683 1863 ad
709 1820 771 1863 nos
797 1800 832 1863 in
858 1820 941 1864 casu
966 1798 1172 1884 negligencie
1198 1799 1310 1883 prima
1336 1798 1425 1863 facie

266 1892 478 1969 devolutam,
500 1891 720 1976 periculosius
742 1891 893 1956 deserere
914 1911 1106 1975 possumus,
1128 1911 1189 1955 seu
1210 1890 1426 1955 conniventi-

265 1986 330 2049 bus
359 1983 465 2049 oculis
494 1983 710 2067 pertransire.
758 1983 855 2060 Cum,
885 1983 1013 2067 itaque,
1044 1983 1133 2048 sicut
1161 1982 1301 2067 publica
1329 1982 1427 2047 fama

266 2077 455 2160 recepimus
476 2076 661 2152 deferente,
683 2075 838 2160 magistri
860 2075 902 2139 R.
925 2074 1098 2153 Avenelle,
1122 2075 1286 2159 Rogerus,
1309 2074 1426 2140 dictus

266 2169 397 2246 ComeS,
434 2174 468 2232 et
503 2166 692 2232 Willelmus
727 2166 770 2231 de
805 2167 932 2232 Sancto
968 2167 1145 2251 QuintinO,
1181 2172 1221 2230 ut
1255 2165 1426 2251 populum

266 2261 441 2344 decipiant
480 2265 666 2343 nostraque
707 2260 874 2323 mandata
914 2260 1078 2324 canonica
1118 2258 1427 2343 contemptibiliter

266 2352 420 2429 eludant,
440 2351 638 2416 alternatim
657 2351 792 2416 officiali
811 2373 851 2416 ac
869 2351 1109 2416 Dunelmensis
1127 2350 1278 2435 episcopi
1296 2350 1426 2416 vicario

266 2466 338 2510 sese
362 2445 559 2528 subrogent,
585 2444 671 2508 adeo
694 2444 789 2528 quod
813 2444 958 2508 discerni
981 2463 1051 2508 non
1075 2443 1203 2527 poterit
1226 2443 1282 2508 cui
1306 2463 1426 2508 eorum

267 2536 487 2601 officialitatis
503 2556 563 2600 seu
579 2535 705 2600 vicarie
721 2536 871 2600 officium
887 2535 1054 2619 competit
1070 2535 1200 2620 pocius,
1217 2555 1278 2600 seu
1294 2535 1427 2601 incum-

266 2629 342 2706 bit;
387 2629 513 2712 sicque,
538 2628 622 2691 dum
644 2628 811 2692 mandata
833 2633 952 2692 nostra
974 2628 1134 2692 omnibus
1156 2628 1349 2692 offeruntur
1371 2627 1428 2693 vel

267 2721 407 2805 singulis
444 2720 655 2804 exequenda,
690 2719 845 2804 quolibet
873 2720 918 2784 ab
958 2719 1068 2784 officio
1109 2740 1171 2784 suo
1214 2718 1430 2784 mendaciter

267 2818 464 2889 excusante,
498 2812 718 2876 execuciones
745 2811 944 2895 hujusmodi
959 2818 1094 2877 cessant
1111 2810 1368 2876 fraudulencius
1390 2817 1428 2876 et

268 2906 489 2981 frustrantur,
520 2904 555 2967 in
584 2903 693 2969 nostri
722 2904 950 2988 prejudicium
979 2924 1049 2968 non
1077 2903 1252 2968 modicum
1282 2908 1318 2968 et
1346 2923 1428 2968 con-

268 3002 442 3080 temptum
458 3018 465 3073 ;
502 2991 831 3074 discrecionilvestre
849 2995 993 3059 firmiter
1010 2995 1221 3080 injungendo
1238 2995 1428 3060 committi-

269 3109 346 3152 mus
357 3095 391 3152 et
403 3088 609 3152 mandamus
620 3087 785 3171 quatinus
796 3083 967 3170 predictos
978 3087 1160 3172 magistros
1172 3086 1227 3165 R.,
1240 3087 1428 3171 Rogerum,

270 3186 305 3244 et
332 3178 551 3256 Willelmum,
579 3199 640 3262 per
666 3200 728 3244 vos
755 3179 810 3243 vel
837 3200 897 3263 per
924 3179 1040 3257 alium,
1068 3185 1240 3264 quatenus
1266 3177 1430 3262 expedire

270 3271 435 3349 videritis,
459 3271 572 3336 citetis
593 3271 821 3355 peremptorie
843 3272 937 3355 quod
959 3271 1183 3356 personaliter
1204 3278 1429 3355 compareant

270 3384 386 3429 coram
404 3363 514 3440 nobiS,
534 3362 589 3427 vel
607 3363 847 3428 commissariis
865 3365 1001 3441 nostris,
1021 3364 1122 3428 certis
1141 3363 1261 3428 diebus
1280 3368 1315 3428 et
1332 3362 1430 3440 lociS,

271 3456 398 3520 eisdem
432 3476 494 3539 pro
527 3461 643 3520 vestro
676 3455 818 3520 arbitrio
852 3455 1075 3540 assignandis,
1109 3476 1212 3539 super
1243 3454 1430 3538 premissiS,

271 3547 442 3624 videlicet,
474 3547 551 3631 quis
582 3568 699 3611 eorum
731 3548 878 3612 vicarius
909 3547 964 3611 vel
995 3547 1147 3612 officialis
1178 3547 1292 3624 fuerit,
1324 3546 1432 3612 fidem

272 3640 397 3704 facturi
436 3639 679 3723 plenissimam,
720 3660 760 3704 ac
798 3640 840 3703 de
878 3645 1082 3723 contemptu
1120 3645 1155 3703 et
1193 3638 1433 3704 inobediencia

272 3732 476 3814 responsuri,
493 3732 629 3808 facturi,
646 3738 681 3796 et
696 3731 866 3815 recepturi
880 3732 974 3816 quod
989 3731 1217 3816 postulaverit
1233 3730 1317 3795 ordo
1329 3730 1430 3816 ⁴juris

273 3824 442 3888 Premissa
470 3824 683 3908 conjunctim
712 3830 746 3888 et
776 3823 913 3888 divisim
942 3830 1060 3890 tenore
1088 3823 1301 3907 presencium
1329 3822 1433 3889 vobis

272 3916 522 3981 committimus
562 3916 773 3999 exequenda.
840 3915 949 3999 Super
987 3915 1186 4000 hujusmodi
1226 3915 1433 3980 execucione

272 4007 430 4072 mandati
452 4027 514 4071 nos
535 4007 668 4091 plenius
690 4007 883 4072 certificetis
904 4028 965 4091 per
986 4013 1119 4115 vestraj
1139 4007 1283 4085 litteras,
1306 4006 1434 4072 harum

273 4101 393 4164 seriem
411 4099 636 4164 continentes
1078 4100 1086 4109 ”
1118 4114 1129 4123 ·’
1143 4129 1159 4152 s

111 4174 224 4263 frt⁰⁵³⁸2
382 4191 584 4256 tirrano
627 4191 832 4256 ornnem
874 4191 1059 4256 Domno
1102 4191 1232 4256 PAPE.

317 4283 392 4366 463.
441 4283 519 4347 Kal.
533 4283 659 4367 Aprilis
674 4283 783 4369 (April
798 4288 841 4364 1),
858 4283 952 4349 1280.
1000 4285 1163 4348 Burtone.
1212 4285 1330 4350 Letter
1343 4286 1436 4354 from

274 4377 333 4440 the
348 4375 553 4459 archbishop
567 4381 604 4439 to
619 4376 711 4460 Pope
726 4375 887 4440 Nicholas
902 4375 980 4452 ΙΙΙ.,
996 4375 1114 4459 telling
1127 4376 1199 4439 him
1212 4377 1290 4442 how
1304 4377 1438 4447 Master

274 4468 387 4534 Adam
402 4467 444 4533 de
460 4467 575 4546 HaleS,
590 4467 714 4533 official
728 4468 764 4533 of
777 4468 836 4532 the
850 4466 1056 4552 archbishop
1074 4468 1111 4531 of
1124 4467 1351 4556 Canterbury,
1366 4472 1441 4540 had
