2994 4996
259 481 319 560 164
365 498 432 542 THE
455 497 618 542 REGISTER
639 497 680 542 OF
702 495 913 542 ARCHBISHOP
934 496 1082 550 WILLIAM
1103 496 1304 542 WICKWANE.

95 658 176 698 1²⁰·³⁷·
259 649 508 734 metropolitice
539 649 746 715 visitacionis
774 649 923 714 officium
937 649 1121 715 admittere
1145 671 1214 715 non
1238 655 1414 715 tenentur.

96 757 179 807 Arreal
191 760 215 797 to
260 744 319 821 Et,
340 763 383 806 ne
412 763 484 820 vos,
515 748 636 806 contra
665 742 841 826 privilegia
870 761 987 806 eorum
1016 741 1182 825 predicta,
1211 741 1416 807 libertatum

97 809 237 915 lg‘lffitany
261 841 296 898 et
334 834 594 898 immunitatum
632 834 783 916 ipsorum
821 833 1041 917 possessione,
1080 834 1135 897 vel
1173 833 1282 918 quasi,
1321 833 1416 918 ipsos

97 918 243 998 {liiifnum'
262 926 454 990 voluntarie
476 926 665 1009 spoliand0‚
689 931 750 989 aut
772 945 829 989 eos
850 925 886 988 in
907 925 1092 990 earundem
1114 925 1335 1009 possessione,
1358 926 1415 989 vel

262 1017 371 1102 quasi,
391 1016 625 1101 perturbando
644 1016 698 1081 vel
717 1017 933 1101 aliquatenus
952 1016 1177 1099 molestando,
1197 1023 1318 1082 contra
1336 1018 1416 1101 jura

263 1109 299 1172 in
309 1109 422 1173 medio
433 1109 555 1193 posita,
567 1110 623 1193 jus
633 1109 731 1172 vobis
742 1109 778 1172 in
788 1108 925 1193 propria
936 1129 1039 1172 causa
1050 1108 1194 1173 dicendo
1205 1109 1240 1173 in
1250 1129 1415 1192 personas

264 1221 392 1278 eorum,
428 1208 489 1265 aut
524 1201 699 1265 ecclesiam
733 1199 1009 1277 Dunelmensem,
1044 1221 1104 1265 seu
1139 1199 1222 1264 alias
1257 1199 1416 1265 ecclesias

264 1312 354 1370 suaS,
372 1299 433 1357 aut
450 1292 516 1356 alia
531 1292 606 1356 loca
622 1313 684 1356 sua
701 1292 791 1356 dicte
807 1291 971 1376 dyocesis,
989 1312 1048 1356 seu
1065 1291 1173 1356 eciam
1188 1291 1415 1356 Eboracensis

265 1384 430 1468 dyocesis
448 1384 598 1448 maxime
617 1390 733 1448 autem
751 1383 786 1446 in
812 1383 959 1448 ecclesiis
977 1383 1019 1448 de
1037 1383 1225 1448 Houedene
1242 1390 1277 1447 et
1294 1383 1415 1448 Alver-

264 1482 327 1541 ton
353 1496 460 1560 scyre,
488 1496 575 1559 quas
601 1475 636 1539 in
664 1476 817 1559 proprios
844 1495 925 1539 usus
952 1475 1093 1552 habent,
1121 1482 1157 1539 et
1183 1496 1331 1559 quarum
1357 1476 1414 1559 jus

264 1573 469 1651 patronatus
490 1567 535 1632 ad
555 1587 612 1631 eos
632 1573 777 1650 spectat,
807 1587 956 1631 unacum
987 1567 1120 1651 juribus
1141 1574 1175 1631 et
1195 1566 1414 1632 libertatibus

265 1659 334 1723 suis
364 1659 455 1743 ipsis,
471 1659 507 1722 in
537 1659 664 1723 eisdem
693 1658 839 1723 ecclesiis
869 1659 911 1722 de
940 1659 1014 1743 jure
1044 1658 1344 1723 consuetudinario
1373 1680 1414 1723 ac

265 1751 467 1835 specialibus
483 1751 665 1834 privilegiis
683 1751 730 1814 eis
746 1770 847 1834 super
863 1750 928 1814 hiis
944 1751 1110 1814 concessis
1126 1750 1413 1835 competentibus,

265 1862 324 1906 seu
335 1842 371 1906 in
383 1843 530 1919 clericos,
542 1841 656 1920 laicoS,
670 1842 863 1919 familiares,
877 1848 937 1907 aut
950 1841 1154 1907 domesticos
1165 1862 1225 1906 seu
1236 1843 1414 1926 parochia-

264 1955 327 1998 nos
352 1955 441 2011 51105,
468 1934 658 1998 sentencias
684 1933 922 2018 suspensionis
950 1933 1325 2011 excommunicacionis,
1353 1940 1414 2000 aut

265 2026 438 2090 interdicti
468 2026 659 2109 proferatis,
692 2032 753 2091 aut
783 2025 925 2109 proferri
956 2025 1101 2103 faciatis,
1135 2032 1195 2091 aut
1226 2026 1414 2110 quicquam

265 2117 358 2182 aliud
373 2118 508 2194 durum,
524 2138 691 2194 amarum,
707 2137 766 2181 seu
780 2117 911 2200 penale,
927 2137 988 2200 per
1001 2138 1063 2182 vos
1078 2116 1133 2181 vel
1147 2116 1231 2181 alios
1244 2116 1280 2181 in
1295 2137 1414 2182 eorum

264 2210 319 2274 vel
334 2209 401 2273 mei
417 2209 643 2293 prejudicium
659 2209 823 2273 statuatis
839 2229 898 2273 seu
923 2209 1123 2286 decernatis,
1141 2215 1202 2274 aut
1219 2209 1415 2274 execucioni

264 2301 488 2378 demandetis,
515 2299 689 2365 occasione
706 2300 954 2384 metropolitico
978 2300 1188 2365 visitacionis
1212 2307 1413 2379 memorate,

263 2413 322 2457 seu
352 2393 459 2457 eciam
490 2392 654 2478 dyocesis
685 2399 805 2457 contra
833 2392 1009 2457 libertates
1039 2413 1128 2470 suaS,
1160 2399 1414 2458 sacrosanctam

263 2484 385 2549 Sedem
399 2485 643 2569 Apostolicam,
658 2504 764 2567 quam
777 2484 881 2567 prius,
897 2484 1021 2548 iterato
1044 2504 1193 2567 provoco
1207 2490 1242 2549 et
1266 2484 1412 2568 appello,

263 2583 298 2640 et
331 2577 504 2660 apostolos
524 2582 627 2660 peto;
663 2595 859 2659 supponens
878 2595 935 2639 eos
954 2581 989 2639 et
1009 2575 1185 2640 ecclesiam
1204 2576 1413 2640 Dunelmen-

262 2688 344 2745 sem,
363 2668 552 2752 capitulum
568 2668 807 2744 Dunelmense,
825 2666 1008 2731 familiares
1024 2687 1152 2744 eorum,
1176 2666 1413 2751 parochianos,

263 2766 297 2825 et
315 2760 398 2824 alios
415 2780 649 2843 quoscumque
666 2759 713 2823 eis
730 2759 765 2822 in
783 2759 921 2842 agendis
938 2759 1007 2823 suis
1024 2760 1237 2836 adherentes,
1256 2759 1413 2824 ecclesias

262 2872 341 2915 suas
367 2850 457 2915 dicte
484 2851 648 2936 dyocesis
679 2871 811 2915 necnon
837 2857 872 2914 et
898 2851 1123 2915 Eboracensis
1143 2851 1307 2935 dyocesis,
1330 2872 1413 2917 una-

262 2963 341 3007 cum
359 2943 491 3027 juribus
510 2949 545 3007 et
563 2942 780 3007 libertatibus
800 2942 935 3018 51115,111
954 2942 1146 3026 predictum
1165 2949 1227 3020 est,
1244 2949 1279 3008 et
1298 2943 1414 3008 omnia

262 3036 353 3098 bona
378 3055 451 3112 sua,
476 3035 616 3099 mobilia
641 3041 676 3099 et
701 3034 886 3111 inmobilia,
913 3034 1140 3098 ecclesiastica
1164 3041 1199 3098 et
1224 3034 1411 3112 mundana,

262 3126 469 3210 ubicumque
500 3126 695 3202 existencia,
726 3125 944 3209 proteccioni,
976 3125 1174 3203 defensioni,
1205 3133 1240 3190 et
1271 3126 1412 3192 tuicioni

262 3218 353 3282 dicte
376 3224 590 3283 sacrosancte
614 3217 719 3282 Sedis.
766 3218 814 3281 Et
837 3237 939 3301 super
961 3217 1025 3281 hiis
1049 3218 1354 3301 provocacionibus
1378 3225 1412 3283 et

262 3309 561 3393 appellacionibus,
575 3310 603 3374 si
616 3310 754 3386 eisdem,
768 3309 951 3373 reverende
964 3315 1072 3393 pater,
1087 3310 1216 3373 (1616116
1229 3310 1412 3394 neglexeri-

261 3402 316 3479 tis,
358 3401 606 3486 fidedignorum
646 3402 681 3465 in
721 3402 871 3484 presenti
911 3400 1135 3465 existencium
1175 3401 1413 3467 testimonium

260 3494 393 3570 invoc0,
411 3493 580 3570 videlicet,
598 3493 840 3577 magistrorum
856 3492 1015 3556 Willelmi
1032 3493 1074 3556 de
1090 3492 1217 3557 Sancto
1234 3493 1411 3577 Quintino,

260 3585 390 3649 Thome
404 3585 446 3649 de
461 3585 613 3661 Birland,
629 3585 768 3649 rectoris
783 3584 919 3648 ecclesie
933 3584 975 3647 de
990 3583 1251 3669 Brantingham,
1268 3583 1412 3650 Robeiti

259 3677 432 3753 Avenelle,
465 3677 618 3741 canonici
650 3676 691 3739 de
724 3676 921 3753 Houedene,
955 3675 1111 3740 Nicholai
1143 3676 1185 3740 de
1217 3676 1411 3762 Berewch,

260 3776 295 3832 et
309 3768 452 3833 Gilberti
466 3769 508 3832 de
521 3768 710 3852 Suthayke,
724 3787 856 3832 necnon
870 3774 904 3832 61
918 3768 1188 3851 subscriptorum
1202 3769 1411 3847 clericorum,

260 3860 408 3924 Wilelmi
424 3861 466 3924 de
482 3861 665 3924 Fennuml.
1011 3874 1016 3884 ·

95 3965 218 4015 11161111
303 3966 378 4034 453.
408 3953 449 4016 In
464 3953 602 4016 nomine
618 3951 759 4016 Domini
774 3951 895 4015 Amen.
918 3950 1004 4015 Cum
1014 3972 1087 4028 vos,
1101 3951 1285 4016 reverende
1300 3959 1411 4036 pater,

95 4014 228 4116 iliiffif'lfe
259 4043 325 4120 W,
346 4044 410 4107 Dei
425 4044 539 4128 gracia
552 4043 777 4108 Eboracensis
797 4043 1058 4126 archiepiscope,
1075 4050 1153 4120 etc,
1174 4044 1354 4109 civitatem
1378 4052 1413 4109 et

95 4115 211 4206 {mys
259 4135 432 4220 dyocesim
455 4136 701 4200 Dunelmenses
724 4135 863 4199 visitare
886 4134 1085 4212 intendatis,
1110 4141 1149 4200 ut
1172 4135 1413 4201 verisimilibus

94 4215 226 4306 ffiffigssdm
259 4233 293 4291 et
318 4227 552 4311 probabilibus
576 4227 781 4311 conjecturis
806 4233 961 4310 apparet,
987 4246 1060 4311 eg0,
1086 4226 1275 4291 Willelmus
1299 4227 1413 4293 dictus

93 4315 245 4409 33³2?ssssqu
259 4319 394 4396 Ruffus,
413 4319 562 4396 clericus,
580 4325 782 4403 procurator
797 4317 876 4382 cleri
893 4318 1045 4382 civitatis
1062 4325 1096 4384 61
1114 4319 1268 4405 dyocesis
1284 4319 1413 4385 Dunel-

256 4412 436 4489 mensium,
457 4432 519 4476 vos
539 4418 736 4495 suspectum
756 4409 893 4494 postulo
914 4416 948 4474 et
968 4430 1059 4493 pono
1079 4411 1114 4474 in
1134 4411 1274 4497 negocio
1293 4411 1412 4477 visita-

647 4524 711 4575 1Νο
724 4526 804 4576 other
817 4539 912 4575 names
925 4526 1016 4590 given.
