<?xml version="1.0" encoding="UTF-8"?>
<!DOCTYPE html PUBLIC "-//W3C//DTD XHTML 1.0 Transitional//EN"
    "http://www.w3.org/TR/xhtml1/DTD/xhtml1-transitional.dtd">
<html xmlns="http://www.w3.org/1999/xhtml" xml:lang="en" lang="en">
 <head>
  <title>
</title>
<meta http-equiv="Content-Type" content="text/html;charset=utf-8" />
  <meta name='ocr-system' content='tesseract 3.04.00' />
  <meta name='ocr-capabilities' content='ocr_page ocr_carea ocr_par ocr_line ocrx_word'/>
</head>
<body>
  <div class='ocr_page' id='page_1' title='image "./registerwilliam00wickgoog_0223.png"; bbox 0 0 2994 4996; ppageno 0'>
   <div class='ocr_carea' id='block_1_1' title="bbox 250 440 1304 519">
    <p class='ocr_par' dir='ltr' id='par_1_1' title="bbox 250 440 1304 519">
     <span class='ocr_line' id='line_1_1' title="bbox 250 440 1304 519; baseline 0.003 -17"><span class='ocrx_word' id='word_1_1' title='bbox 250 440 308 519; x_wconf 87' lang='lat'>146</span> <span class='ocrx_word' id='word_1_2' title='bbox 364 457 428 501; x_wconf 85' lang='lat' dir='ltr'>THE</span> <span class='ocrx_word' id='word_1_3' title='bbox 453 456 616 502; x_wconf 83' lang='lat' dir='ltr'>RE&#39;GISTER</span> <span class='ocrx_word' id='word_1_4' title='bbox 637 459 679 503; x_wconf 80' lang='lat' dir='ltr'>O&#39;F</span> <span class='ocrx_word' id='word_1_5' title='bbox 701 458 912 504; x_wconf 76' lang='lat' dir='ltr'><strong>ARCHBISHOP</strong></span> <span class='ocrx_word' id='word_1_6' title='bbox 933 459 1081 504; x_wconf 77' lang='lat' dir='ltr'>WILLIAM</span> <span class='ocrx_word' id='word_1_7' title='bbox 1102 459 1304 506; x_wconf 83' lang='lat' dir='ltr'><strong>WICKWANE.</strong></span> 
     </span>
    </p>
   </div>
   <div class='ocr_carea' id='block_1_2' title="bbox 88 611 1413 882">
    <p class='ocr_par' dir='ltr' id='par_1_2' title="bbox 88 611 1413 882">
     <span class='ocr_line' id='line_1_2' title="bbox 250 611 1409 697; baseline 0.006 -23"><span class='ocrx_word' id='word_1_8' title='bbox 250 611 398 695; x_wconf 90' lang='lat' dir='ltr'>suspecti</span> <span class='ocrx_word' id='word_1_9' title='bbox 429 611 480 675; x_wconf 92' lang='lat' dir='ltr'>vel</span> <span class='ocrx_word' id='word_1_10' title='bbox 512 611 650 676; x_wconf 90' lang='lat' dir='ltr'>inutiles</span> <span class='ocrx_word' id='word_1_11' title='bbox 680 613 815 688; x_wconf 92' lang='lat' dir='ltr'>amodo,</span> <span class='ocrx_word' id='word_1_12' title='bbox 846 613 934 677; x_wconf 91' lang='lat' dir='ltr'>sicut</span> <span class='ocrx_word' id='word_1_13' title='bbox 963 614 1141 690; x_wconf 88' lang='lat' dir='ltr'>hactenus,</span> <span class='ocrx_word' id='word_1_14' title='bbox 1172 614 1409 697; x_wconf 81' lang='lat' dir='ltr'>deputentur3</span> 
     </span>
     <span class='ocr_line' id='line_1_3' title="bbox 251 703 1413 788; baseline 0.006 -22"><span class='ocrx_word' id='word_1_15' title='bbox 251 709 286 766; x_wconf 91' lang='lat' dir='ltr'>et</span> <span class='ocrx_word' id='word_1_16' title='bbox 300 703 393 786; x_wconf 94' lang='lat' dir='ltr'>quod</span> <span class='ocrx_word' id='word_1_17' title='bbox 408 703 539 767; x_wconf 83' lang='lat' dir='ltr'>familia</span> <span class='ocrx_word' id='word_1_18' title='bbox 552 704 751 768; x_wconf 90' lang='lat' dir='ltr'>monasterii</span> <span class='ocrx_word' id='word_1_19' title='bbox 765 704 983 788; x_wconf 89' lang='lat' dir='ltr'>disciplinata</span> <span class='ocrx_word' id='word_1_20' title='bbox 997 704 1176 770; x_wconf 90' lang='lat' dir='ltr'>decencius</span> <span class='ocrx_word' id='word_1_21' title='bbox 1190 710 1224 769; x_wconf 92' lang='lat' dir='ltr'>et</span> <span class='ocrx_word' id='word_1_22' title='bbox 1238 706 1413 774; x_wconf 88' lang='lat' dir='ltr'>instructa</span> 
     </span>
     <span class='ocr_line' id='line_1_4' title="bbox 88 796 1413 882; baseline -0.001 -18"><span class='ocrx_word' id='word_1_23' title='bbox 88 824 154 865; x_wconf 69' lang='lat' dir='ltr'>robe</span> <span class='ocrx_word' id='word_1_24' title='bbox 251 815 321 859; x_wconf 92' lang='lat' dir='ltr'>non</span> <span class='ocrx_word' id='word_1_25' title='bbox 347 801 523 859; x_wconf 89' lang='lat' dir='ltr'>remaneat</span> <span class='ocrx_word' id='word_1_26' title='bbox 549 796 672 859; x_wconf 86' lang='lat' dir='ltr'>ociosa.</span> <span class='ocrx_word' id='word_1_27' title='bbox 721 796 821 873; x_wconf 86' lang='lat' dir='ltr'><strong>Item,</strong></span> <span class='ocrx_word' id='word_1_28' title='bbox 849 797 1055 880; x_wconf 88' lang='lat' dir='ltr'><strong>precipimus</strong></span> <span class='ocrx_word' id='word_1_29' title='bbox 1081 797 1175 880; x_wconf 94' lang='lat' dir='ltr'>quod</span> <span class='ocrx_word' id='word_1_30' title='bbox 1200 797 1291 861; x_wconf 80' lang='lat' dir='ltr'>idem</span> <span class='ocrx_word' id='word_1_31' title='bbox 1317 799 1413 882; x_wconf 90' lang='lat' dir='ltr'>prior</span> 
     </span>
    </p>
   </div>
   <div class='ocr_carea' id='block_1_3' title="bbox 88 873 1413 973">
    <p class='ocr_par' dir='ltr' id='par_1_3' title="bbox 88 873 1413 973">
     <span class='ocr_line' id='line_1_5' title="bbox 88 873 1413 973; baseline 0.005 -24"><span class='ocrx_word' id='word_1_32' title='bbox 88 873 230 973; x_wconf 55' lang='lat' dir='ltr'>ssfflggffl</span> <span class='ocrx_word' id='word_1_33' title='bbox 252 886 342 951; x_wconf 89' lang='lat' dir='ltr'>inter</span> <span class='ocrx_word' id='word_1_34' title='bbox 358 887 527 950; x_wconf 81' lang='lat' dir='ltr'>fervorem</span> <span class='ocrx_word' id='word_1_35' title='bbox 543 894 578 951; x_wconf 90' lang='lat' dir='ltr'>et</span> <span class='ocrx_word' id='word_1_36' title='bbox 595 888 840 971; x_wconf 84' lang='lat' dir='ltr'>negligenciam</span> <span class='ocrx_word' id='word_1_37' title='bbox 858 889 892 952; x_wconf 93' lang='lat' dir='ltr'>in</span> <span class='ocrx_word' id='word_1_38' title='bbox 910 888 1179 953; x_wconf 92' lang='lat' dir='ltr'>correccionibus</span> <span class='ocrx_word' id='word_1_39' title='bbox 1196 889 1413 955; x_wconf 82' lang='lat' dir='ltr'>confratrum</span> 
     </span>
    </p>
   </div>
   <div class='ocr_carea' id='block_1_4' title="bbox 48 975 1492 2442">
    <p class='ocr_par' dir='ltr' id='par_1_4' title="bbox 48 975 1492 2442">
     <span class='ocr_line' id='line_1_6' title="bbox 89 975 196 1023; baseline -0.009 -8"><span class='ocrx_word' id='word_1_40' title='bbox 89 975 133 1015; x_wconf 85' lang='lat' dir='ltr'>and</span> <span class='ocrx_word' id='word_1_41' title='bbox 142 975 196 1023; x_wconf 83' lang='lat' dir='ltr'>keep</span> 
     </span>
     <span class='ocr_line' id='line_1_7' title="bbox 90 1025 1414 1155; baseline 0.004 -22"><span class='ocrx_word' id='word_1_42' title='bbox 90 1025 228 1125; x_wconf 49' lang='lat' dir='ltr'>{img-</span> <span class='ocrx_word' id='word_1_43' title='bbox 254 1077 414 1154; x_wconf 88' lang='lat' dir='ltr'>acceptor</span> <span class='ocrx_word' id='word_1_44' title='bbox 432 1070 633 1154; x_wconf 86' lang='lat' dir='ltr'>inprovidus</span> <span class='ocrx_word' id='word_1_45' title='bbox 654 1092 887 1155; x_wconf 90' lang='lat' dir='ltr'>personarum,</span> <span class='ocrx_word' id='word_1_46' title='bbox 909 1078 944 1136; x_wconf 91' lang='lat' dir='ltr'>et</span> <span class='ocrx_word' id='word_1_47' title='bbox 964 1072 1058 1155; x_wconf 91' lang='lat' dir='ltr'>quod</span> <span class='ocrx_word' id='word_1_48' title='bbox 1078 1079 1289 1137; x_wconf 88' lang='lat' dir='ltr'>conventum</span> <span class='ocrx_word' id='word_1_49' title='bbox 1309 1094 1414 1139; x_wconf 89' lang='lat' dir='ltr'>suum</span> 
     </span>
     <span class='ocr_line' id='line_1_8' title="bbox 254 1162 1487 1249; baseline 0.005 -24"><span class='ocrx_word' id='word_1_50' title='bbox 254 1162 463 1226; x_wconf 81' lang='lat' dir='ltr'>visceraliter</span> <span class='ocrx_word' id='word_1_51' title='bbox 491 1162 611 1247; x_wconf 91' lang='lat' dir='ltr'>diligat</span> <span class='ocrx_word' id='word_1_52' title='bbox 631 1169 666 1226; x_wconf 90' lang='lat' dir='ltr'>et</span> <span class='ocrx_word' id='word_1_53' title='bbox 694 1170 859 1247; x_wconf 91' lang='lat' dir='ltr'>sequatur</span> <span class='ocrx_word' id='word_1_54' title='bbox 872 1186 882 1240; x_wconf 54' lang='grc' dir='ltr'>γ;</span> <span class='ocrx_word' id='word_1_55' title='bbox 908 1184 1026 1227; x_wconf 92' lang='lat' dir='ltr'>omnes</span> <span class='ocrx_word' id='word_1_56' title='bbox 1045 1184 1132 1247; x_wconf 90' lang='lat' dir='ltr'>quos</span> <span class='ocrx_word' id='word_1_57' title='bbox 1151 1164 1216 1228; x_wconf 93' lang='lat' dir='ltr'>sub</span> <span class='ocrx_word' id='word_1_58' title='bbox 1236 1170 1414 1248; x_wconf 78' lang='lat' dir='ltr'>potestate</span> <span class='ocrx_word' id='word_1_59' title='bbox 1483 1229 1487 1249; x_wconf 77' lang='grc'>,</span> 
     </span>
     <span class='ocr_line' id='line_1_9' title="bbox 255 1254 1413 1322; baseline 0.005 -6"><span class='ocrx_word' id='word_1_60' title='bbox 255 1254 380 1318; x_wconf 85' lang='lat' dir='ltr'>retinet</span> <span class='ocrx_word' id='word_1_61' title='bbox 403 1254 438 1317; x_wconf 95' lang='lat' dir='ltr'>in</span> <span class='ocrx_word' id='word_1_62' title='bbox 461 1255 614 1319; x_wconf 91' lang='lat' dir='ltr'>moribus</span> <span class='ocrx_word' id='word_1_63' title='bbox 637 1261 671 1318; x_wconf 92' lang='lat' dir='ltr'>et</span> <span class='ocrx_word' id='word_1_64' title='bbox 694 1255 869 1319; x_wconf 85' lang='lat' dir='ltr'>mundicia</span> <span class='ocrx_word' id='word_1_65' title='bbox 892 1255 1035 1320; x_wconf 85' lang='lat' dir='ltr'>cautelis</span> <span class='ocrx_word' id='word_1_66' title='bbox 1058 1262 1092 1320; x_wconf 89' lang='lat' dir='ltr'>et</span> <span class='ocrx_word' id='word_1_67' title='bbox 1115 1255 1227 1320; x_wconf 92' lang='lat' dir='ltr'>modis</span> <span class='ocrx_word' id='word_1_68' title='bbox 1250 1257 1413 1322; x_wconf 92' lang='lat' dir='ltr'>omnibus</span> 
     </span>
     <span class='ocr_line' id='line_1_10' title="bbox 255 1346 1414 1430; baseline 0.003 -21"><span class='ocrx_word' id='word_1_69' title='bbox 255 1346 500 1423; x_wconf 71' lang='lat' dir='ltr'>conservando</span> <span class='ocrx_word' id='word_1_70' title='bbox 517 1346 567 1410; x_wconf 91' lang='lat' dir='ltr'>ita</span> <span class='ocrx_word' id='word_1_71' title='bbox 583 1347 676 1430; x_wconf 95' lang='lat' dir='ltr'>quod</span> <span class='ocrx_word' id='word_1_72' title='bbox 692 1347 918 1424; x_wconf 69' lang='lat' dir='ltr'>oracionibus</span> <span class='ocrx_word' id='word_1_73' title='bbox 934 1346 1152 1424; x_wconf 86' lang='lat' dir='ltr'>leccionibus,</span> <span class='ocrx_word' id='word_1_74' title='bbox 1169 1353 1204 1412; x_wconf 89' lang='lat' dir='ltr'>et</span> <span class='ocrx_word' id='word_1_75' title='bbox 1220 1348 1414 1413; x_wconf 88' lang='lat' dir='ltr'>collacioni-</span> 
     </span>
     <span class='ocr_line' id='line_1_11' title="bbox 254 1437 1415 1525; baseline 0.003 -24"><span class='ocrx_word' id='word_1_76' title='bbox 254 1437 319 1501; x_wconf 94' lang='lat' dir='ltr'>bus</span> <span class='ocrx_word' id='word_1_77' title='bbox 337 1444 462 1501; x_wconf 87' lang='lat' dir='ltr'>vacent</span> <span class='ocrx_word' id='word_1_78' title='bbox 480 1438 628 1503; x_wconf 89' lang='lat' dir='ltr'>corditer</span> <span class='ocrx_word' id='word_1_79' title='bbox 645 1445 680 1502; x_wconf 90' lang='lat' dir='ltr'>et</span> <span class='ocrx_word' id='word_1_80' title='bbox 698 1445 843 1515; x_wconf 88' lang='lat' dir='ltr'>attente,</span> <span class='ocrx_word' id='word_1_81' title='bbox 864 1445 898 1502; x_wconf 90' lang='lat' dir='ltr'>et</span> <span class='ocrx_word' id='word_1_82' title='bbox 916 1439 1066 1502; x_wconf 87' lang='lat' dir='ltr'>maxime</span> <span class='ocrx_word' id='word_1_83' title='bbox 1085 1439 1327 1505; x_wconf 88' lang='lat' dir='ltr'>collacionibus</span> <span class='ocrx_word' id='word_1_84' title='bbox 1345 1461 1415 1525; x_wconf 88' lang='lat' dir='ltr'>que</span> 
     </span>
     <span class='ocr_line' id='line_1_12' title="bbox 91 1529 1492 1616; baseline 0.001 -22"><span class='ocrx_word' id='word_1_85' title='bbox 91 1555 184 1596; x_wconf 69' lang='lat' dir='ltr'>uobase</span> <span class='ocrx_word' id='word_1_86' title='bbox 255 1529 424 1594; x_wconf 90' lang='lat' dir='ltr'>industria</span> <span class='ocrx_word' id='word_1_87' title='bbox 446 1536 481 1593; x_wconf 89' lang='lat' dir='ltr'>et</span> <span class='ocrx_word' id='word_1_88' title='bbox 503 1530 638 1614; x_wconf 92' lang='lat' dir='ltr'>ingenio</span> <span class='ocrx_word' id='word_1_89' title='bbox 660 1530 858 1594; x_wconf 81' lang='lat' dir='ltr'>fulciuntur.</span> <span class='ocrx_word' id='word_1_90' title='bbox 906 1531 1134 1614; x_wconf 85' lang='lat' dir='ltr'>lnjungimus,</span> <span class='ocrx_word' id='word_1_91' title='bbox 1158 1530 1277 1609; x_wconf 88' lang='lat' dir='ltr'>eciam,</span> <span class='ocrx_word' id='word_1_92' title='bbox 1300 1532 1415 1596; x_wconf 91' lang='lat' dir='ltr'>eidem</span> <span class='ocrx_word' id='word_1_93' title='bbox 1489 1610 1492 1616; x_wconf 71' lang='lat'>‚</span> 
     </span>
     <span class='ocr_line' id='line_1_13' title="bbox 48 1616 1415 1707; baseline 0.004 -24"><span class='ocrx_word' id='word_1_94' title='bbox 48 1648 50 1652; x_wconf 50' lang='lat'><strong><em>¹</em></strong></span> <span class='ocrx_word' id='word_1_95' title='bbox 89 1616 193 1706; x_wconf 50' lang='lat'>3323,</span> <span class='ocrx_word' id='word_1_96' title='bbox 206 1668 230 1696; x_wconf 73' lang='lat'>0,</span> <span class='ocrx_word' id='word_1_97' title='bbox 255 1627 289 1684; x_wconf 90' lang='lat' dir='ltr'>et</span> <span class='ocrx_word' id='word_1_98' title='bbox 314 1621 378 1686; x_wconf 90' lang='lat' dir='ltr'>toti</span> <span class='ocrx_word' id='word_1_99' title='bbox 404 1622 600 1698; x_wconf 85' lang='lat' dir='ltr'>conventui,</span> <span class='ocrx_word' id='word_1_100' title='bbox 625 1622 690 1686; x_wconf 89' lang='lat' dir='ltr'>sub</span> <span class='ocrx_word' id='word_1_101' title='bbox 714 1622 949 1687; x_wconf 89' lang='lat' dir='ltr'>obtestacione</span> <span class='ocrx_word' id='word_1_102' title='bbox 973 1622 1081 1687; x_wconf 93' lang='lat' dir='ltr'>divini</span> <span class='ocrx_word' id='word_1_103' title='bbox 1103 1621 1233 1706; x_wconf 85' lang='lat' dir='ltr'>judicii,</span> <span class='ocrx_word' id='word_1_104' title='bbox 1259 1623 1354 1707; x_wconf 95' lang='lat' dir='ltr'>quod</span> <span class='ocrx_word' id='word_1_105' title='bbox 1377 1624 1415 1688; x_wconf 92' lang='lat' dir='ltr'>in</span> 
     </span>
     <span class='ocr_line' id='line_1_14' title="bbox 89 1706 1415 1807; baseline 0.004 -32"><span class='ocrx_word' id='word_1_106' title='bbox 89 1706 241 1807; x_wconf 53' lang='lat' dir='ltr'>fflassfflr</span> <span class='ocrx_word' id='word_1_107' title='bbox 254 1713 433 1778; x_wconf 81' lang='lat' dir='ltr'>refectorio</span> <span class='ocrx_word' id='word_1_108' title='bbox 455 1713 550 1778; x_wconf 91' lang='lat' dir='ltr'>nulla</span> <span class='ocrx_word' id='word_1_109' title='bbox 572 1714 649 1778; x_wconf 90' lang='lat' dir='ltr'>vilis</span> <span class='ocrx_word' id='word_1_110' title='bbox 671 1734 826 1798; x_wconf 90' lang='lat' dir='ltr'>persona,</span> <span class='ocrx_word' id='word_1_111' title='bbox 851 1713 906 1778; x_wconf 91' lang='lat' dir='ltr'>vel</span> <span class='ocrx_word' id='word_1_112' title='bbox 929 1713 1013 1778; x_wconf 91' lang='lat' dir='ltr'>alias</span> <span class='ocrx_word' id='word_1_113' title='bbox 1035 1714 1227 1791; x_wconf 89' lang='lat' dir='ltr'>inhonesta,</span> <span class='ocrx_word' id='word_1_114' title='bbox 1252 1715 1415 1799; x_wconf 90' lang='lat' dir='ltr'>deinceps</span> 
     </span>
     <span class='ocr_line' id='line_1_15' title="bbox 89 1804 1415 1890; baseline 0.002 -22"><span class='ocrx_word' id='word_1_115' title='bbox 89 1807 189 1857; x_wconf 51' lang='lat' dir='ltr'>‘mse</span> <span class='ocrx_word' id='word_1_116' title='bbox 254 1804 472 1888; x_wconf 89' lang='lat' dir='ltr'>aliquatenus</span> <span class='ocrx_word' id='word_1_117' title='bbox 515 1805 732 1870; x_wconf 90' lang='lat' dir='ltr'>admittatur.</span> <span class='ocrx_word' id='word_1_118' title='bbox 802 1805 1022 1889; x_wconf 92' lang='lat' dir='ltr'>Precipimus‚</span> <span class='ocrx_word' id='word_1_119' title='bbox 1067 1805 1185 1882; x_wconf 90' lang='lat' dir='ltr'>eciam,</span> <span class='ocrx_word' id='word_1_120' title='bbox 1230 1807 1324 1890; x_wconf 94' lang='lat' dir='ltr'>quod</span> <span class='ocrx_word' id='word_1_121' title='bbox 1376 1808 1415 1871; x_wconf 93' lang='lat' dir='ltr'>in</span> 
     </span>
     <span class='ocr_line' id='line_1_16' title="bbox 254 1896 1414 1974; baseline 0.003 -14"><span class='ocrx_word' id='word_1_122' title='bbox 254 1896 442 1961; x_wconf 90' lang='lat' dir='ltr'>infirmaria</span> <span class='ocrx_word' id='word_1_123' title='bbox 459 1897 572 1962; x_wconf 92' lang='lat' dir='ltr'>nullus</span> <span class='ocrx_word' id='word_1_124' title='bbox 589 1898 729 1961; x_wconf 92' lang='lat' dir='ltr'>omnino</span> <span class='ocrx_word' id='word_1_125' title='bbox 750 1904 933 1962; x_wconf 90' lang='lat' dir='ltr'>extraneus</span> <span class='ocrx_word' id='word_1_126' title='bbox 950 1918 1010 1961; x_wconf 90' lang='lat' dir='ltr'>seu</span> <span class='ocrx_word' id='word_1_127' title='bbox 1026 1897 1144 1974; x_wconf 90' lang='lat' dir='ltr'>laicus,</span> <span class='ocrx_word' id='word_1_128' title='bbox 1173 1898 1237 1961; x_wconf 91' lang='lat' dir='ltr'>nisi</span> <span class='ocrx_word' id='word_1_129' title='bbox 1256 1899 1414 1963; x_wconf 92' lang='lat' dir='ltr'>medicus</span> 
     </span>
     <span class='ocr_line' id='line_1_17' title="bbox 90 1988 1413 2074; baseline 0.006 -28"><span class='ocrx_word' id='word_1_130' title='bbox 90 2007 241 2060; x_wconf 57' lang='lat' dir='ltr'>marinna</span> <span class='ocrx_word' id='word_1_131' title='bbox 254 1988 358 2053; x_wconf 78' lang='lat' dir='ltr'>fuerit</span> <span class='ocrx_word' id='word_1_132' title='bbox 378 1988 433 2053; x_wconf 89' lang='lat' dir='ltr'>vel</span> <span class='ocrx_word' id='word_1_133' title='bbox 451 1990 598 2073; x_wconf 73' lang='lat' dir='ltr'>juratus</span> <span class='ocrx_word' id='word_1_134' title='bbox 619 1989 737 2054; x_wconf 91' lang='lat' dir='ltr'>veniat</span> <span class='ocrx_word' id='word_1_135' title='bbox 757 2010 897 2074; x_wconf 92' lang='lat' dir='ltr'>quoquo</span> <span class='ocrx_word' id='word_1_136' title='bbox 917 2010 1008 2054; x_wconf 88' lang='lat' dir='ltr'>casu.</span> <span class='ocrx_word' id='word_1_137' title='bbox 1057 1989 1269 2067; x_wconf 91' lang='lat' dir='ltr'>Potaciones,</span> <span class='ocrx_word' id='word_1_138' title='bbox 1291 1991 1413 2069; x_wconf 92' lang='lat' dir='ltr'>eciam,</span> 
     </span>
     <span class='ocr_line' id='line_1_18' title="bbox 91 2059 1415 2166; baseline -0.002 -17"><span class='ocrx_word' id='word_1_139' title='bbox 91 2059 203 2159; x_wconf 42' lang='lat' dir='ltr'>bibinae.</span> <span class='ocrx_word' id='word_1_140' title='bbox 254 2087 333 2164; x_wconf 89' lang='lat' dir='ltr'>post</span> <span class='ocrx_word' id='word_1_141' title='bbox 351 2081 613 2164; x_wconf 90' lang='lat' dir='ltr'>completorium</span> <span class='ocrx_word' id='word_1_142' title='bbox 629 2081 784 2165; x_wconf 91' lang='lat' dir='ltr'>generale</span> <span class='ocrx_word' id='word_1_143' title='bbox 800 2081 937 2165; x_wconf 90' lang='lat' dir='ltr'>penitus</span> <span class='ocrx_word' id='word_1_144' title='bbox 955 2081 1185 2165; x_wconf 72' lang='lat' dir='ltr'>prohibemus</span> <span class='ocrx_word' id='word_1_145' title='bbox 1197 2082 1262 2146; x_wconf 90' lang='lat' dir='ltr'>nisi</span> <span class='ocrx_word' id='word_1_146' title='bbox 1274 2102 1415 2166; x_wconf 92' lang='lat' dir='ltr'>person-</span> 
     </span>
     <span class='ocr_line' id='line_1_19' title="bbox 256 2171 1415 2257; baseline 0.003 -22"><span class='ocrx_word' id='word_1_147' title='bbox 256 2171 318 2236; x_wconf 91' lang='lat' dir='ltr'>alis</span> <span class='ocrx_word' id='word_1_148' title='bbox 345 2173 520 2256; x_wconf 89' lang='lat' dir='ltr'>presencia</span> <span class='ocrx_word' id='word_1_149' title='bbox 547 2173 653 2257; x_wconf 92' lang='lat' dir='ltr'>ipsius</span> <span class='ocrx_word' id='word_1_150' title='bbox 681 2173 803 2257; x_wconf 90' lang='lat' dir='ltr'>prioris</span> <span class='ocrx_word' id='word_1_151' title='bbox 831 2194 871 2237; x_wconf 92' lang='lat' dir='ltr'>ac</span> <span class='ocrx_word' id='word_1_152' title='bbox 898 2173 1088 2237; x_wconf 88' lang='lat' dir='ltr'>necessaria</span> <span class='ocrx_word' id='word_1_153' title='bbox 1116 2194 1219 2238; x_wconf 91' lang='lat' dir='ltr'>causa</span> <span class='ocrx_word' id='word_1_154' title='bbox 1247 2173 1302 2238; x_wconf 94' lang='lat' dir='ltr'>vel</span> <span class='ocrx_word' id='word_1_155' title='bbox 1330 2194 1415 2238; x_wconf 90' lang='lat' dir='ltr'>vera</span> 
     </span>
     <span class='ocr_line' id='line_1_20' title="bbox 92 2258 1415 2352; baseline 0.002 -25"><span class='ocrx_word' id='word_1_156' title='bbox 92 2258 233 2352; x_wconf 49' lang='grc' dir='ltr'>ῗοοξξξξῇώ</span> <span class='ocrx_word' id='word_1_157' title='bbox 255 2263 437 2329; x_wconf 87' lang='lat' dir='ltr'>infirmitas</span> <span class='ocrx_word' id='word_1_158' title='bbox 479 2265 544 2328; x_wconf 92' lang='lat' dir='ltr'>hoc</span> <span class='ocrx_word' id='word_1_159' title='bbox 587 2264 761 2349; x_wconf 90' lang='lat' dir='ltr'>deposcat.</span> <span class='ocrx_word' id='word_1_160' title='bbox 809 2264 1019 2341; x_wconf 78' lang='lat' dir='ltr'>InhibemuS,</span> <span class='ocrx_word' id='word_1_161' title='bbox 1064 2265 1183 2343; x_wconf 90' lang='lat' dir='ltr'>eciam,</span> <span class='ocrx_word' id='word_1_162' title='bbox 1228 2286 1270 2329; x_wconf 90' lang='lat' dir='ltr'>ne</span> <span class='ocrx_word' id='word_1_163' title='bbox 1313 2271 1415 2330; x_wconf 92' lang='lat' dir='ltr'>extra</span> 
     </span>
     <span class='ocr_line' id='line_1_21' title="bbox 92 2355 1413 2442; baseline 0.003 -24"><span class='ocrx_word' id='word_1_164' title='bbox 92 2359 214 2400; x_wconf 70' lang='lat' dir='ltr'>b¹¹²¹¹¹¹¹¹1¹</span> <span class='ocrx_word' id='word_1_165' title='bbox 256 2355 396 2439; x_wconf 91' lang='lat' dir='ltr'>plenum</span> <span class='ocrx_word' id='word_1_166' title='bbox 433 2362 644 2421; x_wconf 87' lang='lat' dir='ltr'>conventum</span> <span class='ocrx_word' id='word_1_167' title='bbox 680 2356 802 2441; x_wconf 87' lang='lat' dir='ltr'>quevis</span> <span class='ocrx_word' id='word_1_168' title='bbox 827 2356 944 2421; x_wconf 89' lang='lat' dir='ltr'>littera</span> <span class='ocrx_word' id='word_1_169' title='bbox 980 2356 1199 2439; x_wconf 88' lang='lat' dir='ltr'>aliquatenus</span> <span class='ocrx_word' id='word_1_170' title='bbox 1235 2357 1413 2442; x_wconf 86' lang='lat' dir='ltr'>sigilletur.</span> 
     </span>
    </p>
   </div>
   <div class='ocr_carea' id='block_1_5' title="bbox 92 2414 1415 2532">
    <p class='ocr_par' dir='ltr' id='par_1_5' title="bbox 92 2414 1415 2532">
     <span class='ocr_line' id='line_1_22' title="bbox 92 2414 1415 2532; baseline 0.001 -20"><span class='ocrx_word' id='word_1_171' title='bbox 92 2414 218 2516; x_wconf 61' lang='lat' dir='ltr'>iiiiii.</span> <span class='ocrx_word' id='word_1_172' title='bbox 257 2447 419 2525; x_wconf 87' lang='lat' dir='ltr'>Donaria,</span> <span class='ocrx_word' id='word_1_173' title='bbox 433 2454 561 2524; x_wconf 89' lang='lat' dir='ltr'>autern,</span> <span class='ocrx_word' id='word_1_174' title='bbox 574 2468 641 2532; x_wconf 94' lang='lat' dir='ltr'>que</span> <span class='ocrx_word' id='word_1_175' title='bbox 653 2448 807 2512; x_wconf 91' lang='lat' dir='ltr'>canonici</span> <span class='ocrx_word' id='word_1_176' title='bbox 819 2447 874 2512; x_wconf 90' lang='lat' dir='ltr'>vel</span> <span class='ocrx_word' id='word_1_177' title='bbox 886 2448 1040 2512; x_wconf 89' lang='lat' dir='ltr'>conversi</span> <span class='ocrx_word' id='word_1_178' title='bbox 1052 2448 1097 2512; x_wconf 88' lang='lat' dir='ltr'>ab</span> <span class='ocrx_word' id='word_1_179' title='bbox 1110 2448 1227 2513; x_wconf 92' lang='lat' dir='ltr'>amicis</span> <span class='ocrx_word' id='word_1_180' title='bbox 1239 2448 1415 2513; x_wconf 91' lang='lat' dir='ltr'>interdum</span> 
     </span>
    </p>
   </div>
   <div class='ocr_carea' id='block_1_6' title="bbox 92 2523 1453 3543">
    <p class='ocr_par' dir='ltr' id='par_1_6' title="bbox 92 2523 1416 3267">
     <span class='ocr_line' id='line_1_23' title="bbox 92 2523 1415 2624; baseline 0.002 -22"><span class='ocrx_word' id='word_1_181' title='bbox 92 2523 192 2615; x_wconf 37' lang='lat' dir='ltr'>22²2,ss</span> <span class='ocrx_word' id='word_1_182' title='bbox 257 2539 436 2623; x_wconf 89' lang='lat' dir='ltr'>recipiunt,</span> <span class='ocrx_word' id='word_1_183' title='bbox 462 2560 532 2604; x_wconf 92' lang='lat' dir='ltr'>non</span> <span class='ocrx_word' id='word_1_184' title='bbox 557 2540 632 2616; x_wconf 90' lang='lat' dir='ltr'>sibi,</span> <span class='ocrx_word' id='word_1_185' title='bbox 659 2547 711 2604; x_wconf 90' lang='lat' dir='ltr'>set</span> <span class='ocrx_word' id='word_1_186' title='bbox 737 2539 811 2604; x_wconf 88' lang='lat' dir='ltr'>aliis</span> <span class='ocrx_word' id='word_1_187' title='bbox 835 2539 1068 2624; x_wconf 90' lang='lat' dir='ltr'>indigentibus</span> <span class='ocrx_word' id='word_1_188' title='bbox 1093 2539 1148 2604; x_wconf 91' lang='lat' dir='ltr'>vel</span> <span class='ocrx_word' id='word_1_189' title='bbox 1173 2541 1415 2606; x_wconf 91' lang='lat' dir='ltr'>communibus</span> 
     </span>
     <span class='ocr_line' id='line_1_24' title="bbox 92 2624 1415 2716; baseline 0.002 -22"><span class='ocrx_word' id='word_1_190' title='bbox 92 2624 153 2666; x_wconf 67' lang='lat'>¹⁰⁹⁶·</span> <span class='ocrx_word' id='word_1_191' title='bbox 256 2631 374 2696; x_wconf 91' lang='lat' dir='ltr'>usibus</span> <span class='ocrx_word' id='word_1_192' title='bbox 392 2632 591 2696; x_wconf 89' lang='lat' dir='ltr'>monasterii</span> <span class='ocrx_word' id='word_1_193' title='bbox 609 2632 834 2716; x_wconf 91' lang='lat' dir='ltr'>applicentur.</span> <span class='ocrx_word' id='word_1_194' title='bbox 881 2630 1075 2710; x_wconf 86' lang='lat' dir='ltr'>Silencium,</span> <span class='ocrx_word' id='word_1_195' title='bbox 1095 2639 1224 2710; x_wconf 86' lang='lat' dir='ltr'>autem,</span> <span class='ocrx_word' id='word_1_196' title='bbox 1244 2633 1313 2697; x_wconf 90' lang='lat' dir='ltr'>suis</span> <span class='ocrx_word' id='word_1_197' title='bbox 1330 2632 1415 2697; x_wconf 90' lang='lat' dir='ltr'>locis</span> 
     </span>
     <span class='ocr_line' id='line_1_25' title="bbox 92 2723 1415 2808; baseline 0.002 -22"><span class='ocrx_word' id='word_1_198' title='bbox 92 2723 180 2766; x_wconf 64' lang='lat' dir='ltr'>Sflffloe·</span> <span class='ocrx_word' id='word_1_199' title='bbox 257 2730 291 2787; x_wconf 92' lang='lat' dir='ltr'>et</span> <span class='ocrx_word' id='word_1_200' title='bbox 334 2724 557 2807; x_wconf 90' lang='lat' dir='ltr'>temporibus,</span> <span class='ocrx_word' id='word_1_201' title='bbox 604 2724 792 2788; x_wconf 88' lang='lat' dir='ltr'>secundum</span> <span class='ocrx_word' id='word_1_202' title='bbox 834 2723 1045 2807; x_wconf 88' lang='lat' dir='ltr'>exigenciam</span> <span class='ocrx_word' id='word_1_203' title='bbox 1087 2723 1211 2808; x_wconf 90' lang='lat' dir='ltr'>regule,</span> <span class='ocrx_word' id='word_1_204' title='bbox 1258 2724 1415 2789; x_wconf 90' lang='lat' dir='ltr'>districte</span> 
     </span>
     <span class='ocr_line' id='line_1_26' title="bbox 92 2815 1416 2917; baseline 0.002 -39"><span class='ocrx_word' id='word_1_205' title='bbox 92 2873 138 2915; x_wconf 57' lang='lat' dir='ltr'>cm</span> <span class='ocrx_word' id='word_1_206' title='bbox 216 2880 225 2917; x_wconf 51' lang='lat' dir='ltr'>t</span> <span class='ocrx_word' id='word_1_207' title='bbox 256 2815 462 2899; x_wconf 90' lang='lat' dir='ltr'>precipimus</span> <span class='ocrx_word' id='word_1_208' title='bbox 474 2816 648 2880; x_wconf 90' lang='lat' dir='ltr'>custodiri.</span> <span class='ocrx_word' id='word_1_209' title='bbox 696 2815 833 2892; x_wconf 90' lang='lat' dir='ltr'>Omnes,</span> <span class='ocrx_word' id='word_1_210' title='bbox 847 2821 975 2892; x_wconf 89' lang='lat' dir='ltr'>autem,</span> <span class='ocrx_word' id='word_1_211' title='bbox 989 2815 1160 2880; x_wconf 92' lang='lat' dir='ltr'>discursus</span> <span class='ocrx_word' id='word_1_212' title='bbox 1172 2816 1416 2880; x_wconf 88' lang='lat' dir='ltr'>canonicorum</span> 
     </span>
     <span class='ocr_line' id='line_1_27' title="bbox 93 2887 1415 2992; baseline 0.005 -29"><span class='ocrx_word' id='word_1_213' title='bbox 93 2887 234 2986; x_wconf 56' lang='lat' dir='ltr'>aduldis</span> <span class='ocrx_word' id='word_1_214' title='bbox 257 2913 291 2971; x_wconf 89' lang='lat' dir='ltr'>et</span> <span class='ocrx_word' id='word_1_215' title='bbox 315 2907 538 2992; x_wconf 84' lang='lat' dir='ltr'>evagaciones</span> <span class='ocrx_word' id='word_1_216' title='bbox 560 2907 695 2972; x_wconf 88' lang='lat' dir='ltr'>illicitas</span> <span class='ocrx_word' id='word_1_217' title='bbox 719 2906 874 2972; x_wconf 86' lang='lat' dir='ltr'>totaliter</span> <span class='ocrx_word' id='word_1_218' title='bbox 896 2907 1127 2990; x_wconf 93' lang='lat' dir='ltr'>prohibemus,</span> <span class='ocrx_word' id='word_1_219' title='bbox 1151 2928 1195 2971; x_wconf 92' lang='lat' dir='ltr'>ne</span> <span class='ocrx_word' id='word_1_220' title='bbox 1218 2907 1415 2992; x_wconf 90' lang='lat' dir='ltr'>quisquam,</span> 
     </span>
     <span class='ocr_line' id='line_1_28' title="bbox 93 2975 1416 3083; baseline 0.001 -20"><span class='ocrx_word' id='word_1_221' title='bbox 93 2975 232 3018; x_wconf 48' lang='lat' dir='ltr'>‘mmm&#39;</span> <span class='ocrx_word' id='word_1_222' title='bbox 257 2999 514 3064; x_wconf 90' lang='lat' dir='ltr'>obedienciariis</span> <span class='ocrx_word' id='word_1_223' title='bbox 544 2999 654 3064; x_wconf 92' lang='lat' dir='ltr'>solum</span> <span class='ocrx_word' id='word_1_224' title='bbox 685 2999 847 3082; x_wconf 72' lang='lat' dir='ltr'>exceptis</span> <span class='ocrx_word' id='word_1_225' title='bbox 880 2999 1009 3082; x_wconf 90' lang='lat' dir='ltr'>absque</span> <span class='ocrx_word' id='word_1_226' title='bbox 1039 2999 1180 3063; x_wconf 91' lang='lat' dir='ltr'>licencia</span> <span class='ocrx_word' id='word_1_227' title='bbox 1210 2999 1416 3083; x_wconf 89' lang='lat' dir='ltr'>presidentis</span> 
     </span>
     <span class='ocr_line' id='line_1_29' title="bbox 93 3075 1416 3174; baseline 0.001 -20"><span class='ocrx_word' id='word_1_228' title='bbox 93 3075 131 3117; x_wconf 78' lang='lat'><strong>¹⁷⁰·</strong></span> <span class='ocrx_word' id='word_1_229' title='bbox 144 3077 205 3118; x_wconf 71' lang='lat'><strong>¹³⁷⁶·</strong></span> <span class='ocrx_word' id='word_1_230' title='bbox 257 3097 358 3156; x_wconf 83' lang='lat' dir='ltr'>exeat</span> <span class='ocrx_word' id='word_1_231' title='bbox 387 3091 576 3156; x_wconf 90' lang='lat' dir='ltr'>claustrum</span> <span class='ocrx_word' id='word_1_232' title='bbox 606 3112 717 3155; x_wconf 93' lang='lat' dir='ltr'>suum.</span> <span class='ocrx_word' id='word_1_233' title='bbox 764 3090 1007 3167; x_wconf 89' lang='lat' dir='ltr'>Elemosinam,</span> <span class='ocrx_word' id='word_1_234' title='bbox 1039 3091 1157 3167; x_wconf 90' lang='lat' dir='ltr'>eciam,</span> <span class='ocrx_word' id='word_1_235' title='bbox 1189 3110 1256 3174; x_wconf 91' lang='lat' dir='ltr'>que</span> <span class='ocrx_word' id='word_1_236' title='bbox 1285 3091 1416 3174; x_wconf 91' lang='lat' dir='ltr'>impru-</span> 
     </span>
     <span class='ocr_line' id='line_1_30' title="bbox 326 3182 1416 3267; baseline 0.001 -21"><span class='ocrx_word' id='word_1_237' title='bbox 326 3189 378 3247; x_wconf 90' lang='lat' dir='ltr'>ter</span> <span class='ocrx_word' id='word_1_238' title='bbox 401 3183 624 3260; x_wconf 90' lang='lat' dir='ltr'>consumitur,</span> <span class='ocrx_word' id='word_1_239' title='bbox 649 3182 855 3267; x_wconf 89' lang='lat' dir='ltr'>precipimus</span> <span class='ocrx_word' id='word_1_240' title='bbox 879 3183 924 3247; x_wconf 91' lang='lat' dir='ltr'>ad</span> <span class='ocrx_word' id='word_1_241' title='bbox 947 3203 1033 3266; x_wconf 92' lang='lat' dir='ltr'>opus</span> <span class='ocrx_word' id='word_1_242' title='bbox 1056 3203 1248 3267; x_wconf 91' lang='lat' dir='ltr'>pauperum</span> <span class='ocrx_word' id='word_1_243' title='bbox 1271 3182 1416 3266; x_wconf 87' lang='lat' dir='ltr'>provide</span> 
     </span>
    </p>

    <p class='ocr_par' dir='ltr' id='par_1_7' title="bbox 257 3273 1453 3352">
     <span class='ocr_line' id='line_1_31' title="bbox 257 3273 1453 3352; baseline -0.001 -13"><span class='ocrx_word' id='word_1_244' title='bbox 257 3275 431 3339; x_wconf 88' lang='lat' dir='ltr'>custodiri.</span> <span class='ocrx_word' id='word_1_245' title='bbox 491 3275 593 3352; x_wconf 87' lang='lat' dir='ltr'>Item,</span> <span class='ocrx_word' id='word_1_246' title='bbox 623 3275 758 3340; x_wconf 90' lang='lat' dir='ltr'>karolas</span> <span class='ocrx_word' id='word_1_247' title='bbox 786 3280 821 3338; x_wconf 89' lang='lat' dir='ltr'>et</span> <span class='ocrx_word' id='word_1_248' title='bbox 849 3294 999 3338; x_wconf 92' lang='lat' dir='ltr'>serruras</span> <span class='ocrx_word' id='word_1_249' title='bbox 1027 3273 1270 3339; x_wconf 90' lang='lat' dir='ltr'>canonicorum</span> <span class='ocrx_word' id='word_1_250' title='bbox 1297 3274 1350 3338; x_wconf 92' lang='lat' dir='ltr'>bis</span> <span class='ocrx_word' id='word_1_251' title='bbox 1379 3275 1416 3338; x_wconf 94' lang='lat' dir='ltr'>in</span> <span class='ocrx_word' id='word_1_252' title='bbox 1448 3328 1453 3337; x_wconf 89' lang='lat'>.</span> 
     </span>
    </p>

    <p class='ocr_par' dir='ltr' id='par_1_8' title="bbox 92 3365 1417 3543">
     <span class='ocr_line' id='line_1_32' title="bbox 92 3365 1417 3470; baseline 0.001 -40"><span class='ocrx_word' id='word_1_253' title='bbox 92 3377 223 3470; x_wconf 51' lang='lat' dir='ltr'>193&amp;OEss</span> <span class='ocrx_word' id='word_1_254' title='bbox 257 3387 348 3431; x_wconf 88' lang='lat' dir='ltr'>anno</span> <span class='ocrx_word' id='word_1_255' title='bbox 366 3367 402 3431; x_wconf 93' lang='lat' dir='ltr'>in</span> <span class='ocrx_word' id='word_1_256' title='bbox 421 3367 595 3451; x_wconf 90' lang='lat' dir='ltr'>presencia</span> <span class='ocrx_word' id='word_1_257' title='bbox 613 3367 735 3451; x_wconf 90' lang='lat' dir='ltr'>prioris</span> <span class='ocrx_word' id='word_1_258' title='bbox 753 3387 868 3431; x_wconf 88' lang='lat' dir='ltr'>eoram</span> <span class='ocrx_word' id='word_1_259' title='bbox 887 3366 1022 3430; x_wconf 92' lang='lat' dir='ltr'>duobus</span> <span class='ocrx_word' id='word_1_260' title='bbox 1040 3366 1095 3430; x_wconf 88' lang='lat' dir='ltr'>vel</span> <span class='ocrx_word' id='word_1_261' title='bbox 1114 3366 1224 3430; x_wconf 91' lang='lat' dir='ltr'>tribus</span> <span class='ocrx_word' id='word_1_262' title='bbox 1243 3365 1417 3431; x_wconf 86' lang='lat' dir='ltr'>canonicis</span> 
     </span>
     <span class='ocr_line' id='line_1_33' title="bbox 92 3433 1417 3543; baseline 0.004 -26"><span class='ocrx_word' id='word_1_263' title='bbox 92 3433 186 3528; x_wconf 73' lang='lat' dir='ltr'>open0i⁰</span> <span class='ocrx_word' id='word_1_264' title='bbox 257 3459 436 3543; x_wconf 90' lang='lat' dir='ltr'>fidedignis</span> <span class='ocrx_word' id='word_1_265' title='bbox 468 3459 674 3543; x_wconf 91' lang='lat' dir='ltr'>precipimus</span> <span class='ocrx_word' id='word_1_266' title='bbox 706 3457 864 3542; x_wconf 90' lang='lat' dir='ltr'>apperiri,</span> <span class='ocrx_word' id='word_1_267' title='bbox 897 3464 936 3522; x_wconf 89' lang='lat' dir='ltr'>ut</span> <span class='ocrx_word' id='word_1_268' title='bbox 968 3457 1189 3542; x_wconf 86' lang='lat' dir='ltr'>proprietatis</span> <span class='ocrx_word' id='word_1_269' title='bbox 1220 3457 1348 3522; x_wconf 92' lang='lat' dir='ltr'>vicium</span> <span class='ocrx_word' id='word_1_270' title='bbox 1380 3457 1417 3522; x_wconf 93' lang='lat' dir='ltr'>in</span> 
     </span>
    </p>
   </div>
   <div class='ocr_carea' id='block_1_7' title="bbox 93 3529 242 3580">
    <p class='ocr_par' dir='ltr' id='par_1_9' title="bbox 93 3529 242 3580">
     <span class='ocr_line' id='line_1_34' title="bbox 93 3529 242 3580; baseline 0.013 -12"><span class='ocrx_word' id='word_1_271' title='bbox 93 3529 154 3569; x_wconf 84' lang='lat' dir='ltr'>twioe</span> <span class='ocrx_word' id='word_1_272' title='bbox 163 3541 176 3568; x_wconf 90' lang='lat' dir='ltr'>a</span> <span class='ocrx_word' id='word_1_273' title='bbox 185 3541 242 3580; x_wconf 79' lang='lat' dir='ltr'>year.</span> 
     </span>
    </p>
   </div>
   <div class='ocr_carea' id='block_1_8' title="bbox 91 3548 1417 3644">
    <p class='ocr_par' dir='ltr' id='par_1_10' title="bbox 91 3548 1417 3644">
     <span class='ocr_line' id='line_1_35' title="bbox 91 3548 1417 3644; baseline -0.005 -25"><span class='ocrx_word' id='word_1_274' title='bbox 91 3603 243 3644; x_wconf 56' lang='lat' dir='ltr'>mm,</span> <span class='ocrx_word' id='word_1_275' title='bbox 256 3551 455 3635; x_wconf 83' lang='lat' dir='ltr'>hujusmodi</span> <span class='ocrx_word' id='word_1_276' title='bbox 478 3551 633 3615; x_wconf 89' lang='lat' dir='ltr'>totaliter</span> <span class='ocrx_word' id='word_1_277' title='bbox 656 3556 866 3635; x_wconf 89' lang='lat' dir='ltr'>amputetur.</span> <span class='ocrx_word' id='word_1_278' title='bbox 915 3549 1142 3634; x_wconf 79' lang='lat' dir='ltr'>injungimus,</span> <span class='ocrx_word' id='word_1_279' title='bbox 1167 3548 1286 3626; x_wconf 90' lang='lat' dir='ltr'>eciam,</span> <span class='ocrx_word' id='word_1_280' title='bbox 1310 3548 1417 3632; x_wconf 90' lang='lat' dir='ltr'>priori</span> 
     </span>
    </p>
   </div>
   <div class='ocr_carea' id='block_1_9' title="bbox 91 3640 1420 4422">
    <p class='ocr_par' dir='ltr' id='par_1_11' title="bbox 91 3640 1419 3821">
     <span class='ocr_line' id='line_1_36' title="bbox 91 3640 1419 3744; baseline -0.003 -34"><span class='ocrx_word' id='word_1_281' title='bbox 91 3654 211 3744; x_wconf 45' lang='lat' dir='ltr'>ffistgumd</span> <span class='ocrx_word' id='word_1_282' title='bbox 257 3649 293 3707; x_wconf 92' lang='lat' dir='ltr'>et</span> <span class='ocrx_word' id='word_1_283' title='bbox 311 3643 497 3707; x_wconf 89' lang='lat' dir='ltr'>conventui</span> <span class='ocrx_word' id='word_1_284' title='bbox 516 3643 660 3707; x_wconf 89' lang='lat' dir='ltr'>firmiter</span> <span class='ocrx_word' id='word_1_285' title='bbox 678 3663 794 3706; x_wconf 91' lang='lat' dir='ltr'>coram</span> <span class='ocrx_word' id='word_1_286' title='bbox 814 3641 898 3717; x_wconf 92' lang='lat' dir='ltr'>Deo,</span> <span class='ocrx_word' id='word_1_287' title='bbox 918 3641 1012 3725; x_wconf 93' lang='lat' dir='ltr'>quod</span> <span class='ocrx_word' id='word_1_288' title='bbox 1030 3661 1212 3706; x_wconf 85' lang='lat' dir='ltr'>conversos</span> <span class='ocrx_word' id='word_1_289' title='bbox 1230 3661 1309 3705; x_wconf 93' lang='lat' dir='ltr'>suos</span> <span class='ocrx_word' id='word_1_290' title='bbox 1328 3640 1419 3706; x_wconf 86' lang='lat' dir='ltr'>cirea</span> 
     </span>
     <span class='ocr_line' id='line_1_37' title="bbox 92 3732 1417 3821; baseline -0.005 -18"><span class='ocrx_word' id='word_1_291' title='bbox 92 3779 173 3821; x_wconf 56' lang='lat' dir='ltr'>mg</span> <span class='ocrx_word' id='word_1_292' title='bbox 212 3734 217 3745; x_wconf 89' lang='lat'>&#39;</span> <span class='ocrx_word' id='word_1_293' title='bbox 257 3735 480 3799; x_wconf 90' lang='lat' dir='ltr'>devocionem</span> <span class='ocrx_word' id='word_1_294' title='bbox 507 3741 542 3798; x_wconf 90' lang='lat' dir='ltr'>et</span> <span class='ocrx_word' id='word_1_295' title='bbox 570 3755 673 3818; x_wconf 92' lang='lat' dir='ltr'>opera</span> <span class='ocrx_word' id='word_1_296' title='bbox 699 3733 902 3798; x_wconf 91' lang='lat' dir='ltr'>meritorum</span> <span class='ocrx_word' id='word_1_297' title='bbox 928 3733 1075 3798; x_wconf 88' lang='lat' dir='ltr'>fideliter</span> <span class='ocrx_word' id='word_1_298' title='bbox 1100 3733 1276 3798; x_wconf 89' lang='lat' dir='ltr'>instruant</span> <span class='ocrx_word' id='word_1_299' title='bbox 1303 3737 1338 3796; x_wconf 91' lang='lat' dir='ltr'>et</span> <span class='ocrx_word' id='word_1_300' title='bbox 1365 3732 1417 3797; x_wconf 92' lang='lat' dir='ltr'>in·</span> 
     </span>
    </p>

    <p class='ocr_par' dir='ltr' id='par_1_12' title="bbox 91 3824 1420 4422">
     <span class='ocr_line' id='line_1_38' title="bbox 256 3824 1418 3910; baseline -0.002 -19"><span class='ocrx_word' id='word_1_301' title='bbox 256 3827 417 3904; x_wconf 78' lang='lat' dir='ltr'>forment,</span> <span class='ocrx_word' id='word_1_302' title='bbox 435 3847 478 3891; x_wconf 92' lang='lat' dir='ltr'>ne</span> <span class='ocrx_word' id='word_1_303' title='bbox 496 3847 614 3890; x_wconf 92' lang='lat' dir='ltr'>eorum</span> <span class='ocrx_word' id='word_1_304' title='bbox 631 3826 769 3910; x_wconf 90' lang='lat' dir='ltr'>sanguis</span> <span class='ocrx_word' id='word_1_305' title='bbox 786 3826 821 3888; x_wconf 94' lang='lat' dir='ltr'>in</span> <span class='ocrx_word' id='word_1_306' title='bbox 839 3831 995 3889; x_wconf 91' lang='lat' dir='ltr'>extremo</span> <span class='ocrx_word' id='word_1_307' title='bbox 1013 3825 1170 3889; x_wconf 89' lang='lat' dir='ltr'>examine</span> <span class='ocrx_word' id='word_1_308' title='bbox 1188 3846 1208 3889; x_wconf 99' lang='lat' dir='ltr'>a</span> <span class='ocrx_word' id='word_1_309' title='bbox 1225 3830 1343 3889; x_wconf 90' lang='lat' dir='ltr'>nostro</span> <span class='ocrx_word' id='word_1_310' title='bbox 1360 3824 1418 3889; x_wconf 86' lang='lat' dir='ltr'>vel</span> 
     </span>
     <span class='ocr_line' id='line_1_39' title="bbox 92 3916 1418 4022; baseline -0.005 -35"><span class='ocrx_word' id='word_1_311' title='bbox 92 3929 225 4022; x_wconf 43' lang='lat' dir='ltr'>¹⁷32th</span> <span class='ocrx_word' id='word_1_312' title='bbox 257 3918 541 3983; x_wconf 92' lang='lat' dir='ltr'>eorummanibus</span> <span class='ocrx_word' id='word_1_313' title='bbox 551 3916 1001 4003; x_wconf 79' lang='lat' dir='ltr'>requiratur.1Preeipimus,</span> <span class='ocrx_word' id='word_1_314' title='bbox 1013 3916 1251 4001; x_wconf 83' lang='lat' dir='ltr'>eciam,²quod</span> <span class='ocrx_word' id='word_1_315' title='bbox 1261 3916 1418 3980; x_wconf 90' lang='lat' dir='ltr'>canonici</span> 
     </span>
     <span class='ocr_line' id='line_1_40' title="bbox 92 3992 1416 4095; baseline -0.005 -16"><span class='ocrx_word' id='word_1_316' title='bbox 92 3992 105 4021; x_wconf 84' lang='lat'>⁰</span> <span class='ocrx_word' id='word_1_317' title='bbox 197 4011 202 4022; x_wconf 87' lang='lat'>&#39;</span> <span class='ocrx_word' id='word_1_318' title='bbox 256 4012 292 4075; x_wconf 94' lang='lat' dir='ltr'>in</span> <span class='ocrx_word' id='word_1_319' title='bbox 321 4010 622 4075; x_wconf 90' lang='lat' dir='ltr'>observacionibus</span> <span class='ocrx_word' id='word_1_320' title='bbox 650 4010 859 4095; x_wconf 88' lang='lat' dir='ltr'>jejuniorum</span> <span class='ocrx_word' id='word_1_321' title='bbox 888 4008 958 4072; x_wconf 90' lang='lat' dir='ltr'>suis</span> <span class='ocrx_word' id='word_1_322' title='bbox 987 4009 1107 4073; x_wconf 92' lang='lat' dir='ltr'>diebus</span> <span class='ocrx_word' id='word_1_323' title='bbox 1137 4015 1171 4072; x_wconf 92' lang='lat' dir='ltr'>et</span> <span class='ocrx_word' id='word_1_324' title='bbox 1201 4007 1416 4091; x_wconf 89' lang='lat' dir='ltr'>temporibus</span> 
     </span>
     <span class='ocr_line' id='line_1_41' title="bbox 92 4098 1416 4187; baseline -0.006 -15"><span class='ocrx_word' id='word_1_325' title='bbox 92 4131 177 4172; x_wconf 65' lang='lat' dir='ltr'>canons</span> <span class='ocrx_word' id='word_1_326' title='bbox 256 4103 445 4168; x_wconf 90' lang='lat' dir='ltr'>secundum</span> <span class='ocrx_word' id='word_1_327' title='bbox 470 4102 622 4187; x_wconf 88' lang='lat' dir='ltr'>regulam</span> <span class='ocrx_word' id='word_1_328' title='bbox 646 4123 682 4166; x_wconf 93' lang='lat' dir='ltr'>se</span> <span class='ocrx_word' id='word_1_329' title='bbox 706 4106 918 4177; x_wconf 88' lang='lat' dir='ltr'>excerceant,</span> <span class='ocrx_word' id='word_1_330' title='bbox 944 4101 1033 4165; x_wconf 81' lang='lat' dir='ltr'>sicut</span> <span class='ocrx_word' id='word_1_331' title='bbox 1058 4101 1166 4165; x_wconf 92' lang='lat' dir='ltr'>decet.</span> <span class='ocrx_word' id='word_1_332' title='bbox 1214 4098 1416 4177; x_wconf 87' lang='lat' dir='ltr'>Canonicos,</span> 
     </span>
     <span class='ocr_line' id='line_1_42' title="bbox 91 4182 1420 4278; baseline -0.006 -14"><span class='ocrx_word' id='word_1_333' title='bbox 91 4182 224 4272; x_wconf 58' lang='lat' dir='ltr'>ffiffi,</span> <span class='ocrx_word' id='word_1_334' title='bbox 257 4202 386 4272; x_wconf 90' lang='lat' dir='ltr'>autem,</span> <span class='ocrx_word' id='word_1_335' title='bbox 426 4215 513 4278; x_wconf 92' lang='lat' dir='ltr'>quos</span> <span class='ocrx_word' id='word_1_336' title='bbox 552 4201 651 4259; x_wconf 87' lang='lat' dir='ltr'>extra</span> <span class='ocrx_word' id='word_1_337' title='bbox 690 4192 937 4258; x_wconf 88' lang='lat' dir='ltr'>monasterium</span> <span class='ocrx_word' id='word_1_338' title='bbox 977 4192 1012 4256; x_wconf 92' lang='lat' dir='ltr'>in</span> <span class='ocrx_word' id='word_1_339' title='bbox 1051 4192 1135 4257; x_wconf 89' lang='lat' dir='ltr'>locis</span> <span class='ocrx_word' id='word_1_340' title='bbox 1175 4190 1420 4276; x_wconf 88' lang='lat' dir='ltr'>adjacentibus</span> 
     </span>
     <span class='ocr_line' id='line_1_43' title="bbox 91 4282 1418 4422; baseline -0.007 -67"><span class='ocrx_word' id='word_1_341' title='bbox 91 4282 226 4422; x_wconf 51' lang='grc' dir='ltr'>ξξῗξζξζῐξῗ</span> <span class='ocrx_word' id='word_1_342' title='bbox 256 4293 415 4371; x_wconf 88' lang='lat' dir='ltr'>oporteat</span> <span class='ocrx_word' id='word_1_343' title='bbox 443 4286 622 4364; x_wconf 90' lang='lat' dir='ltr'>deservire,</span> <span class='ocrx_word' id='word_1_344' title='bbox 652 4287 694 4351; x_wconf 92' lang='lat' dir='ltr'>de</span> <span class='ocrx_word' id='word_1_345' title='bbox 721 4284 896 4370; x_wconf 89' lang='lat' dir='ltr'>quindena</span> <span class='ocrx_word' id='word_1_346' title='bbox 923 4283 958 4347; x_wconf 93' lang='lat' dir='ltr'>in</span> <span class='ocrx_word' id='word_1_347' title='bbox 985 4284 1197 4368; x_wconf 90' lang='lat' dir='ltr'>quindenam</span> <span class='ocrx_word' id='word_1_348' title='bbox 1225 4283 1418 4348; x_wconf 92' lang='lat' dir='ltr'>claustrum</span> 
     </span>
    </p>
   </div>
   <div class='ocr_carea' id='block_1_10' title="bbox 90 4375 1417 4558">
    <p class='ocr_par' dir='ltr' id='par_1_13' title="bbox 90 4375 1417 4558">
     <span class='ocr_line' id='line_1_44' title="bbox 90 4375 1417 4459; baseline -0.002 -17"><span class='ocrx_word' id='word_1_349' title='bbox 90 4383 127 4434; x_wconf 76' lang='lat'>¹²¹⁸</span> <span class='ocrx_word' id='word_1_350' title='bbox 144 4386 231 4432; x_wconf 56' lang='lat' dir='ltr'>‘mr</span> <span class='ocrx_word' id='word_1_351' title='bbox 256 4380 409 4457; x_wconf 88' lang='lat' dir='ltr'>redeant,</span> <span class='ocrx_word' id='word_1_352' title='bbox 424 4385 459 4442; x_wconf 89' lang='lat' dir='ltr'>et</span> <span class='ocrx_word' id='word_1_353' title='bbox 474 4377 531 4442; x_wconf 87' lang='lat' dir='ltr'>alii</span> <span class='ocrx_word' id='word_1_354' title='bbox 544 4384 662 4444; x_wconf 92' lang='lat' dir='ltr'>sancte</span> <span class='ocrx_word' id='word_1_355' title='bbox 676 4379 758 4454; x_wconf 89' lang='lat' dir='ltr'>vite,</span> <span class='ocrx_word' id='word_1_356' title='bbox 773 4397 836 4440; x_wconf 90' lang='lat' dir='ltr'>nec</span> <span class='ocrx_word' id='word_1_357' title='bbox 850 4376 1011 4459; x_wconf 89' lang='lat' dir='ltr'>suspecti,</span> <span class='ocrx_word' id='word_1_358' title='bbox 1027 4377 1072 4441; x_wconf 92' lang='lat' dir='ltr'>ad</span> <span class='ocrx_word' id='word_1_359' title='bbox 1086 4376 1189 4440; x_wconf 87' lang='lat' dir='ltr'>aliam</span> <span class='ocrx_word' id='word_1_360' title='bbox 1202 4375 1417 4459; x_wconf 93' lang='lat' dir='ltr'>quindenam</span> 
     </span>
     <span class='ocr_line' id='line_1_45' title="bbox 420 4489 1249 4558; baseline -0.002 -16"><span class='ocrx_word' id='word_1_361' title='bbox 420 4491 631 4558; x_wconf 87' lang='lat' dir='ltr'>¹Requirantur</span> <span class='ocrx_word' id='word_1_362' title='bbox 643 4507 680 4542; x_wconf 93' lang='lat' dir='ltr'>on</span> <span class='ocrx_word' id='word_1_363' title='bbox 688 4493 760 4544; x_wconf 87' lang='lat' dir='ltr'>both</span> <span class='ocrx_word' id='word_1_364' title='bbox 772 4492 863 4544; x_wconf 85' lang='lat' dir='ltr'>iolios.</span> <span class='ocrx_word' id='word_1_365' title='bbox 908 4489 1041 4541; x_wconf 76' lang='lat' dir='ltr'>²Autem.</span> <span class='ocrx_word' id='word_1_366' title='bbox 1076 4490 1155 4540; x_wconf 93' lang='lat' dir='ltr'>Folio</span> <span class='ocrx_word' id='word_1_367' title='bbox 1170 4489 1249 4541; x_wconf 86' lang='lat' dir='ltr'>137d.</span> 
     </span>
    </p>
   </div>
   <div class='ocr_carea' id='block_1_11' title="bbox 0 0 1508 4996">
    <p class='ocr_par' dir='ltr' id='par_1_14' title="bbox 0 0 1508 4996">
     <span class='ocr_line' id='line_1_46' title="bbox 0 0 1508 4996; baseline 0 0"><span class='ocrx_word' id='word_1_368' title='bbox 0 0 1508 4996; x_wconf 95' lang='lat' dir='ltr'> </span> 
     </span>
    </p>
   </div>
  </div>
 </body>
</html>
