2994 4996
236 442 294 503 208
350 459 416 504 THE
439 460 601 506 REGISTER
622 459 665 507 OF
685 461 896 508 ARCHBISHOP
917 460 1064 506 WILLIAM
1085 459 1286 506 WICKWANE.

234 621 336 686 solita
351 623 636 706 promptitudine,
653 630 753 708 pater
767 624 867 701 bone,
884 630 998 689 vestre
1013 622 1239 702 Eboracensis
1255 621 1394 688 ecclesie

233 713 403 778 sacerdoti
425 715 651 798 precipientes
674 737 734 799 per
756 716 872 780 omnia
893 716 998 780 velud
1019 722 1146 780 vestro.
1194 710 1392 780 Conservet.

279 806 491 883 Reverend0,
510 814 587 884 etc,
605 814 639 872 et
657 808 767 873 amico
783 808 997 885 solidissimo,
1015 813 1080 872 etc.
1128 807 1238 871 Prone
1254 827 1394 892 promp

71 915 199 955 nearcho.
234 897 393 962 titudinis
419 898 526 963 libera
552 900 740 983 gratitudo,
768 920 874 984 quam
901 900 946 964 ad
972 898 1228 983 promocionem
1254 899 1394 968 honoris

72 969 95 1005 to
104 978 117 1004 a
127 967 222 1006 cardinal

71 1017 204 1074 pfayrngror
233 996 350 1054 nostre
385 990 611 1056 Eboracensis
646 992 784 1056 ecclesie
819 992 910 1057 ultro
947 992 1054 1056 eciam
1089 991 1286 1075 impendere
1322 1011 1393 1055 non

71 1066 203 1162 difflua
234 1082 384 1159 cessatis,
402 1103 471 1146 non
488 1089 562 1147 tam
578 1085 772 1148 membrum
788 1084 942 1168 ejusdem
959 1083 1096 1148 ecclesie
1112 1082 1314 1167 precipuum
1330 1103 1394 1149 vos

70 1168 220 1267 fflfflff,
233 1175 388 1257 proiecto
418 1174 559 1253 indicat,
590 1196 695 1258 quam
725 1182 922 1260 patronum.
969 1175 1092 1240 Grates
1120 1175 1250 1259 itaque,
1281 1180 1393 1259 pater,

233 1286 296 1350 pro
325 1266 455 1331 meritis
485 1267 661 1332 referimus
690 1269 906 1352 multiplices
936 1267 1016 1332 licet
1045 1267 1186 1331 minime
1214 1266 1394 1332 valeamus

233 1358 385 1423 sufficere
405 1359 450 1423 ad
469 1359 665 1444 condignas
714 1360 922 1425 Patemitati
940 1365 1053 1425 vestre
1073 1359 1245 1424 attencius
1263 1358 1394 1444 suppli-

233 1457 351 1515 cantes
371 1451 546 1534 quatinus,
568 1459 806 1535 procuratores
825 1459 961 1518 nostros
992 1473 1142 1516 unacum
1172 1450 1394 1536 expediendis

232 1542 359 1607 nostris
374 1543 409 1607 in
425 1543 526 1608 Curia
541 1543 576 1607 in
592 1544 940 1609 recommendacionis
955 1544 1119 1608 aflectum
1135 1543 1237 1608 solita
1251 1543 1393 1608 benivo-

232 1635 342 1699 lencia
364 1632 622 1718 amplectentes
642 1636 780 1714 eisdem,
804 1658 883 1701 cum
900 1636 1118 1713 occurrerint,
1142 1641 1256 1700 vestre
1278 1634 1393 1720 largiri

234 1727 420 1811 dignemini
445 1728 761 1812 circumspeccionis
778 1728 957 1793 consilium
976 1729 1010 1792 in
1029 1727 1179 1812 agendis.
1226 1728 1284 1805 Et,
1304 1747 1392 1805 ecce,

233 1819 275 1883 de
308 1825 422 1884 status
455 1821 562 1884 vestri
595 1821 812 1886 continencia
845 1821 956 1885 felicia
989 1838 1123 1904 semper
1156 1840 1197 1884 ac
1230 1839 1394 1904 prospera

233 1911 380 1994 recipere
397 1911 519 1976 intime
538 1916 785 1996 acceptantesl,
805 1919 919 1977 vestre
937 1912 1089 1976 amicicie
1107 1911 1312 1976 nunciamus
1329 1915 1393 1976 nos

231 2024 292 2088 per
312 2003 376 2067 Dei
396 2004 546 2088 graciam
566 2005 688 2069 votiva
707 2005 857 2089 corporis
877 2005 1044 2088 sospitate
1064 2004 1188 2088 vigere,
1210 2003 1393 2068 offerentes

231 2116 293 2159 nos
305 2095 350 2159 ad
362 2100 436 2160 tam
447 2096 537 2180 grati
548 2097 657 2179 patris
668 2097 885 2180 beneplacita
896 2104 931 2161 et
943 2103 1106 2183 precepta
1116 2095 1393 2181 promptissimos

229 2188 357 2272 jugiter
403 2194 438 2252 et
484 2188 639 2252 devotos.
699 2189 885 2253 Conservet
919 2189 1193 2253 incolumitatem
1239 2192 1393 2252 vestram

232 2279 353 2344 salutis
366 2279 497 2344 Auctor
509 2301 570 2363 per
583 2287 741 2364 tempora
754 2282 928 2346 diuturna.
976 2281 1120 2358 Datum,
1134 2285 1200 2344 etc.

276 2390 351 2456 494.
399 2371 512 2436 bkal.
541 2371 620 2455 Jan.
650 2373 745 2453 (Dec.
774 2377 841 2456 27),
880 2372 975 2450 1282,
1015 2393 1106 2436 anno
1132 2372 1193 2456 iiij.
1249 2370 1391 2455 Scroby.

234 2463 485 2547 Appointment
501 2464 549 2548 by
565 2465 624 2529 the
640 2465 846 2550 archbishop
862 2465 899 2529 of
914 2465 1042 2529 Master
1057 2464 1110 2529 W.
1128 2462 1170 2528 de
1187 2463 1394 2548 Bolingtone

233 2577 271 2620 as
292 2556 344 2620 his
365 2563 504 2639 proctor
526 2556 595 2621 “in
617 2557 777 2622 omnibus
798 2564 832 2621 et
854 2557 994 2641 singulis
1015 2556 1126 2621 causis
1147 2554 1394 2639 principalibus

233 2654 268 2712 et
300 2648 574 2731 appellacionum
606 2656 641 2714 et
672 2649 899 2733 querelarum,
933 2655 967 2713 et
1000 2649 1074 2713 aliis
1104 2647 1392 2733 quibuscumque,

232 2760 300 2825 que
313 2746 508 2817 vertuntur,
523 2761 583 2806 seu
596 2742 686 2806 verti
698 2747 891 2825 sperantur,
906 2741 961 2805 vel
974 2747 1067 2804 mote
1081 2746 1174 2816 sunt,
1188 2760 1248 2804 seu
1261 2739 1393 2817 moveri

232 2839 425 2915 sperantur,
452 2833 542 2897 inter
566 2833 776 2917 episcopum,
802 2834 961 2917 priorem,
988 2839 1022 2896 et
1048 2831 1239 2917 capitulum
1264 2829 1394 2895 Dunel-

234 2945 377 3002 menses‚
401 2925 630 2989 communiter
652 2925 707 2989 vel
730 2925 879 3003 divisim,
903 2946 945 2988 ex
968 2931 1067 3008 parte
1089 2945 1170 3001 una,
1195 2931 1229 2988 et
1252 2943 1315 2987 nos
1350 2943 1394 2987 ex

235 3016 354 3092 altera,
372 3016 669 3100 qualitercumque
692 3038 755 3082 nos
772 3024 806 3081 et
824 3017 1001 3082 ecclesiam
1017 3023 1173 3081 nostram
1198 3016 1393 3080 Eboracen-

234 3129 306 3173 sem
330 3109 559 3172 communiter
582 3109 637 3173 vel
660 3110 798 3174 divisim
822 3108 1137 3194 contingentibus.”
1422 3186 1425 3194 Α

277 3200 386 3264 Three
410 3201 509 3265 other
532 3201 687 3265 undated
712 3202 971 3285 appointments
995 3201 1031 3265 of
1054 3201 1113 3265 the
1137 3220 1230 3265 same
1254 3204 1395 3284 proctor

232 3292 356 3369 follow,
374 3293 526 3357 couched
542 3293 577 3357 in
592 3314 677 3378 very
692 3294 821 3358 similar
836 3301 952 3358 terms

69 3440 166 3481 1²⁰·47d·
182 3436 551 3503 13ΟΟΡΡΙΕΙΑΙᾸΤΑΞ
593 3435 912 3503 EBORACENSIS
957 3436 1020 3500 DE
1064 3434 1193 3499 ANNO
1226 3432 1389 3499 PRIMO.

276 3556 351 3624 495.
401 3561 439 3606 11
456 3543 523 3608 kal.
542 3544 624 3608 Dec.
643 3542 745 3626 (Nov.
768 3544 948 3625 21),127q.
970 3540 1111 3626 Scroby.
1138 3539 1393 3623 Appointment

233 3633 281 3717 by
297 3634 357 3697 the
371 3635 576 3719 archbishop
605 3636 641 3699 of
671 3635 799 3699 Master
816 3634 909 3716 John
925 3633 967 3697 de
985 3632 1210 3708 Craucumbe,
1228 3651 1339 3696 canon
1356 3630 1395 3696 of

235 3725 341 3804 York,
361 3747 398 3791 as
414 3726 466 3793 his
486 3727 628 3792 Official.

69 3843 206 3884 Macteto
278 3829 354 3912 496.
403 3849 443 3895 10
459 3830 527 3895 kal.
546 3831 628 3895 Dec.
648 3830 750 3912 (Nov.
766 3833 941 3912 22),1279.
987 3828 1127 3912 Scroby.
1175 3826 1226 3891 Ne
1239 3826 1395 3892 officialis

69 3894 194 3986 ἷξῖἕῗοὲὀῗ
234 3922 460 3988 Eboracensis
474 3924 655 4008 permittat
679 3922 899 3987 beneficiatos
924 3941 1039 3985 coram
1063 3941 1098 3985 se
1120 3920 1306 4004 postulare,
1332 3918 1394 3984 sed

68 3998 155 4104 {3⁰12le
164 3995 208 4086 {¹3¹⁶
235 4020 402 4098 cogantur
412 4015 556 4080 residere
569 4016 604 4079 in
621 4014 768 4079 ecclesiis
785 4013 864 4078 suis
883 4013 1047 4096 Magistro
1058 4013 1090 4095 J.
1109 4012 1151 4076 de
1167 4011 1393 4088 Craucumbe,

70 4095 151 4137 Μ·
234 4105 370 4169 officiali
386 4114 514 4171 nostro
542 4106 785 4172 Mandavimus
800 4104 910 4180 vobiS,
926 4105 961 4168 in
973 4104 1102 4170 virtute
1119 4124 1198 4168 vere
1214 4100 1395 4167 fidelitatis

234 4204 269 4261 et
290 4198 498 4277 obediencie,
521 4199 687 4283 quatinus
715 4196 1012 4272 constitucionem,
1040 4196 1169 4260 editam
1185 4195 1221 4260 in
1242 4193 1394 4260 Concilio

234 4289 455 4374 Lugdunensi
471 4292 513 4355 de
535 4297 752 4357 sacramento
772 4290 1022 4354 advocatorum
1038 4288 1236 4372 prestand0,
1257 4285 1396 4352 faciatis

234 4381 269 4446 in
292 4389 469 4466 posterum
491 4384 526 4448 in
553 4390 673 4448 nostro
701 4381 904 4447 consistorio
932 4381 1077 4445 firmiter
1109 4387 1145 4445 et
1173 4377 1397 4443 inviolabiter

627 4498 832 4546 &affectantes¹
872 4495 1014 4545 F0.152d.
