2994 4996
236 494 301 536 THE
324 494 487 538 REGISTER
508 494 550 538 OF
571 493 782 539 ARCHBISHOP
803 494 951 539 WILLIAM
972 495 1173 540 WICKWANE.
1226 479 1284 555 185

130 644 219 709 lrom
257 646 316 710 the
355 645 560 730 archbishop
598 651 636 711 to
675 647 767 730 Pope
806 645 967 712 Nicholas
1006 646 1102 725 ΙΙΙ.,1
1140 647 1285 725 headed,

131 735 316 802 “Domino
336 758 425 822 pape
445 758 507 821 pro
528 739 581 814 E,
602 758 765 822 germano
786 739 906 823 regis,'’
928 739 1049 824 saying
1069 740 1148 805 that
1169 760 1207 805 as
1227 739 1287 804 the

130 828 212 913 king
227 850 297 895 was
312 829 437 894 unable
453 836 490 894 to
505 850 548 914 go
564 850 609 894 on
624 830 683 894 the
699 831 852 908 crusade,
869 851 998 896 amore
1013 832 1159 917 popular
1172 831 1288 897 leader

130 922 217 985 than
234 922 286 986 his
303 922 444 987 brother
460 921 625 986 Edmund
642 921 744 987 could
760 927 823 987 not
839 923 882 986 be
900 922 1008 987 found
1024 946 1031 1001 ;
1066 923 1135 989 and
1152 924 1242 1001 that,
1261 923 1288 988 ir

129 1012 266 1091 chosen,
285 1014 353 1078 and
370 1014 430 1078 the
446 1013 559 1078 Tenth
576 1014 629 1079 ior
645 1015 704 1078 the
721 1013 871 1079 Crusade
887 1014 988 1099 given
1005 1021 1043 1080 to
1059 1015 1132 1079 him
1148 1016 1217 1080 and
1234 1015 1287 1080 his

129 1104 280 1182 soldiers,
298 1105 342 1170 all
357 1105 471 1170 would
487 1106 620 1190 rejoice,
637 1105 706 1170 and
720 1127 828 1192 many
841 1127 885 1191 go
901 1106 985 1172 with
999 1107 1082 1172 him.
1131 1107 1288 1189 (Printed

130 1196 165 1260 in
178 1195 299 1263 Letters
312 1198 398 1281 from
411 1197 448 1261 N
449 1197 576 1264 urthern
590 1198 763 1283 Registers,
778 1219 812 1282 p.
828 1197 898 1280 63.)

174 1304 256 1367 Dat.
273 1308 313 1366 ut
328 1323 442 1386 supra.
490 1302 692 1366 Reverendo
707 1301 743 1367 in
758 1302 893 1367 Christo
908 1302 1000 1386 patri
1015 1309 1049 1368 et
1065 1303 1216 1382 domin0,
1232 1303 1286 1382 G,
1299 1314 1430 1406 {hgarchb-

130 1394 195 1459 Dei
225 1394 340 1479 gracia
370 1394 465 1459 tituli
495 1393 621 1459 Sancte
653 1395 860 1459 Potenciane
891 1395 1080 1479 presbitero
1111 1395 1286 1474 cardinali,
1300 1377 1396 1476 cirita

130 1507 212 1551 suus
231 1486 474 1551 devotissimus
492 1487 670 1570 presbiter,
691 1486 757 1564 W,
778 1486 898 1551 eadem
917 1487 1031 1571 gracia
1050 1487 1287 1566 eboracensis,
1300 1465 1431 1576 diffidia-

130 1585 208 1656 etc,
238 1579 386 1643 salutem
415 1584 450 1642 et
479 1599 558 1643 cum
588 1578 753 1643 continua
782 1579 980 1644 oracionum
1009 1579 1180 1645 instancia
1208 1599 1288 1664 erga
1300 1577 1369 1607 Μ·

131 1671 243 1735 Deum
264 1671 424 1735 intimam
447 1671 676 1735 reverenciam
699 1676 734 1736 et
754 1671 930 1735 honorem.
976 1670 1033 1735 Ad
1053 1671 1287 1738 intimandum
1300 1718 1338 1759 1³0.
1350 1719 1396 1760 Μ

128 1763 332 1846 paternitati
358 1769 472 1827 vestre
498 1762 648 1847 quedam
674 1783 741 1847 que
768 1763 813 1828 ad
840 1769 1064 1848 augmentum
1091 1770 1126 1829 et
1153 1763 1286 1829 cultum
1298 1818 1433 1870 mm

128 1854 207 1919 fidei
223 1855 414 1919 Christiane
441 1855 560 1919 votive
588 1855 817 1938 concepimus,
846 1875 908 1929 nos
936 1855 1069 1921 invitat·
1092 1861 1127 1921 et
1155 1855 1285 1921 excitat
1299 1868 1451 1959 gfflgtoso

127 1947 237 2012 honor
268 1967 440 2031 causaque
473 1947 642 2011 Crucifixi.
689 1948 789 2024 Ecce,
823 1947 925 2024 enim,
958 1954 1059 2031 pater
1089 1947 1284 2026 reverende,
1299 1968 1395 2019 emesae,
1411 1980 1436 2010 as

127 2039 207 2104 licet
229 2039 320 2103 enim
342 2039 384 2102 de
406 2039 641 2103 strenuissima
662 2045 697 2103 et
719 2038 845 2104 virenti
865 2039 1026 2123 potencia
1047 2039 1178 2104 domini
1199 2040 1286 2126 regis
1298 2031 1410 2120 litam

128 2131 249 2216 Anglie
285 2152 365 2215 erga
400 2132 501 2195 Terre
537 2130 662 2196 Sancte
698 2130 892 2196 relevamen
928 2131 1082 2197 fortassis
1118 2131 1286 2198 hactenus
1313 2178 1316 2183 -

127 2223 357 2307 speraveritis,
375 2223 420 2288 ob
437 2223 604 2307 pluraque
621 2229 739 2287 tamen
755 2222 892 2288 noviter
907 2223 1118 2308 emergencia
1134 2223 1200 2288 iter
1215 2244 1286 2288 non

128 2316 247 2399 arripit
263 2321 541 2400 preconceptum,
557 2336 620 2380 nec
634 2321 786 2379 assumet
801 2335 888 2379 onus
902 2315 1102 2400 hujusmodi
1116 2315 1184 2380 ista
1198 2316 1283 2381 vice.

128 2407 239 2484 Unde,
264 2408 292 2472 si
316 2407 429 2492 placet
465 2406 605 2472 domino
629 2413 758 2484 nostr0,
783 2427 918 2471 summo
941 2407 1107 2491 pontifici,
1132 2407 1285 2493 inculpa·

126 2499 230 2564 bilem
256 2499 363 2583 ipsius
381 2499 626 2583 impotenciam
652 2519 942 2583 pervquemquam
968 2499 1164 2584 indigenam
1190 2499 1284 2585 regni

125 2591 257 2676 Anglie,
284 2592 372 2656 sicut
398 2593 571 2656 fructuose
596 2591 747 2675 expedit,
773 2590 963 2675 adimpleri,
988 2611 1058 2655 non
1083 2597 1135 2657 est
1161 2591 1284 2676 aliquis
1296 2594 1393 2696 gfff}
1393 2605 1440 2686 ᾗ

125 2684 161 2747 in
187 2683 310 2749 eodem
338 2704 452 2768 regno,
481 2689 599 2748 nostro
626 2683 800 2767 loquimur
825 2683 954 2767 judicio
983 2690 1018 2748 et
1046 2683 1199 2761 arbitri0,
1228 2696 1411 2749 cursowessas

124 2775 324 2860 hujusmodi
348 2796 445 2852 onus,
471 2775 674 2860 quinpocius
699 2775 853 2839 omnium
873 2775 1144 2840 Christianorum
1162 2776 1282 2854 honor,
1295 2744 1428 2837 parma

125 2867 356 2933 confidencius
386 2875 420 2931 et
449 2867 568 2932 utilius
596 2888 702 2951 quam
732 2867 872 2931 domino
901 2866 1098 2945 Edmund0,
1128 2867 1283 2953 ejusdem

126 2959 256 3024 domini
278 2960 364 3044 regis
385 2980 558 3044 german0,
581 2959 696 3023 valeat
717 2958 853 3043 dignius
874 2958 1045 3043 deputari,
1067 2965 1190 3044 utpote
1211 2959 1282 3044 qui,

125 3059 267 3136 propter
292 3053 367 3137 ejus
393 3052 646 3128 strenuitatem,
673 3050 900 3128 dulcedinem,
928 3056 963 3116 et
989 3051 1235 3130 constanciam,
1263 3072 1284 3116 a
1376 3078 1379 3091 ·

124 3144 257 3209 cunctis
278 3144 454 3229 regnicolis
474 3143 643 3228 applausu
662 3142 824 3227 singulari
843 3143 1053 3209 unanimiter
1071 3149 1283 3228 acceptatur,

125 3236 186 3320 qui
213 3237 286 3319 ejus
313 3236 624 3320 peregrinacionem
651 3235 778 3321 jugiter
804 3240 984 3319 expetunt,
1012 3235 1219 3314 desiderant,
1248 3242 1283 3301 et

125 3328 344 3406 exclamant3
386 3329 429 3392 de
450 3349 530 3412 qua,
552 3327 580 3391 si
601 3327 793 3411 contigerit,
815 3347 933 3392 omnes
954 3327 1137 3412 pregrandi
1156 3327 1283 3412 gaudio
1297 3346 1388 3388 unere

125 3426 332 3497 crearentur,
348 3420 537 3485 dummodo
561 3419 704 3484 Decima
727 3418 881 3504 ejusdem
905 3419 1000 3504 regni
1023 3418 1068 3484 ad
1091 3419 1283 3485 subsidium
1295 3396 1429 3489 iiidie'niid

124 3512 226 3575 Terre
247 3512 372 3577 Sancte
393 3512 428 3575 in
450 3512 603 3596 ejusdem
638 3518 672 3576 et
693 3510 968 3576 commilitonum
988 3532 1129 3576 suorum
1150 3511 1283 3576 victum
1295 3497 1386 3588 ἓξὲξ,

125 3610 159 3667 et
182 3604 354 3687 stipendia
376 3605 418 3668 de
440 3603 647 3668 liberalitate
669 3609 704 3667 et
726 3603 840 3688 gracia
861 3603 993 3668 domini
1014 3603 1133 3681 nostri,
1156 3596 1448 3688 summiggssgffis

124 3696 307 3778 pontificis,
331 3697 466 3761 cederet
490 3703 524 3760 et
548 3696 727 3779 proficeret
750 3695 939 3760 recollecta.
998 3695 1138 3773 Totum,
1162 3694 1281 3773 eciam,
1294 3697 1391 3789 ffgffige
1405 3698 1435 3741 ³¹¹

125 3808 267 3872 regnum
291 3788 520 3873 Anglicanum
544 3788 580 3852 in
605 3787 804 3872 hujusmodi
827 3787 968 3872 negocio
993 3787 1058 3852 Dei
1082 3786 1215 3852 dictum
1239 3787 1280 3852 E.
1295 3798 1436 3849 maioma

124 3880 242 3944 curiali
256 3880 430 3964 adjutorio
444 3885 699 3964 supportarent,
715 3885 750 3943 et
763 3899 803 3943 eo
817 3879 1024 3963 prompcius,
1038 3884 1080 3944 ut
1092 3899 1281 3964 speramus
1294 3849 1447 3949 {¹3²¹an

124 3972 218 4055 quod
256 3972 455 4057 hujusmodi
494 3970 724 4056 peregrinacio
763 3976 826 4048 est,
851 3970 941 4036 sicut
979 3970 1208 4036 communiter
1245 3977 1281 4035 et

123 4065 313 4147 gaudenter
358 4064 532 4141 asseritur,
578 4062 767 4128 admodum
801 4062 866 4127 sibi
899 4062 1005 4142 cordi,
1049 4069 1084 4128 et
1130 4062 1282 4147 pericula

122 4156 224 4219 Terre
263 4156 387 4221 Sancte
426 4155 622 4240 supradicte
661 4155 745 4220 alias
783 4154 848 4220 sub
886 4154 991 4220 variis
1029 4153 1281 4221 discriminibus

122 4247 287 4313 hillariter
300 4248 406 4313 subiit
420 4255 455 4312 et
466 4248 602 4325 devote,
616 4267 680 4312 nec
693 4246 817 4331 tepuit,
828 4252 938 4331 prout,
945 4245 1077 4331 placuit
1090 4245 1279 4324 Altissim0,

119 4339 154 4403 in
179 4341 307 4418 labore,
325 4341 385 4405 sed
404 4340 540 4404 infirma
557 4344 591 4403 et
617 4338 768 4404 archana
790 4338 856 4404 loci
880 4345 1022 4416 secret0,
1039 4337 1124 4404 dum
1147 4356 1281 4403 moram

197 4455 259 4508 1M.
274 4471 310 4505 on
324 4456 393 4506 both
407 4455 495 4504 folios.
541 4455 615 4519 Pope
628 4454 760 4571 Nicholpts
773 4454 837 4504 died
852 4455 898 4505 the
908 4453 966 4519 day
977 4452 1050 4505 aiter
1062 4453 1111 4503 the
1123 4452 1206 4503 letter

608 4535 726 4571 waswn
755 4535 798 4571 en.
