2994 4996
253 447 292 526 38
368 463 435 508 rua
457 438 620 509 aacrsr'an
640 464 683 509 or
703 463 914 509 Anonorsrrop
935 463 1082 509 wnrrau
1103 427 1303 511 wrexwmr.

254 617 441 682 execrabile
471 624 683 682 assumerent
719 617 754 682 in
788 618 993 702 exemplum,
1028 617 1094 682 nisi
1127 618 1406 701 animadversli]o

253 709 371 773 debita
392 716 600 793 sequeretur,
623 709 736 794 ipsum
760 710 814 787 R,
837 716 1006 794 tanquam
1028 731 1124 774 reum
1146 711 1407 776 homicidiorum

253 801 451 885 hujusmodi
471 808 506 867 et
526 802 881 867 excommunicacione
901 802 1024 886 majori
1043 802 1199 886 ligatum,
1221 803 1265 866 ad
1285 803 1408 868 Sedem

254 892 487 976 Apostolicam
502 893 700 971 destinavit;
715 914 820 978 quare
834 893 1030 978 supplicant
1043 894 1217 958 humiliter
1229 895 1294 958 sibi
1308 916 1409 979 super

255 984 320 1049 hoc
334 1006 394 1068 per
409 984 530 1049 Sedem
546 984 689 1049 eandem
704 985 966 1050 misericorditer
979 986 1160 1069 provideri.
1196 985 1278 1063 Nos,
1293 988 1408 1072 igitur,

255 1077 428 1160 prelatum
446 1077 500 1154 R.,
518 1098 538 1140 a
554 1083 652 1142 reatu
668 1077 866 1161 hujusmodi
881 1083 915 1142 et
932 1078 1287 1142 excommunicacione
1304 1100 1410 1163 quam

257 1189 299 1232 ex
325 1170 390 1233 hoc
415 1169 568 1246 incurrit,
596 1190 637 1234 ac
661 1170 810 1253 peccatis
836 1170 905 1233 suis
932 1169 1016 1246 aliis,
1044 1169 1088 1233 ad
1104 1190 1178 1247 vos,
1202 1171 1410 1236 auctoritate

258 1260 388 1324 domini
407 1281 506 1345 pape,
525 1261 732 1325 remittimus
752 1262 854 1344 juxta
873 1262 1019 1325 formam
1031 1261 1168 1326 ecclesie
1189 1262 1386 1328 absolutum
1402 1286 1409 1339 3

258 1351 463 1418 mandantes
495 1353 617 1428 eidem,
641 1353 705 1417 sub
737 1352 854 1418 debito
871 1353 1006 1437 prestiti
1038 1353 1256 1431 sacramenti,
1280 1361 1320 1419 ut
1353 1376 1414 1438 per

258 1465 376 1509 omnes
404 1445 551 1528 majores
575 1445 731 1509 ecclesias
753 1445 829 1522 loci,
859 1445 894 1509 in
921 1465 990 1529 quo
1013 1444 1097 1510 dicti
1120 1445 1230 1510 clerici
1254 1446 1412 1511 decollati

259 1537 409 1613 fuerunt,
437 1536 551 1601 nudus
578 1543 612 1601 et
640 1536 867 1614 discalciatus
895 1537 1025 1601 braccis
1053 1536 1238 1601 dumtaxat
1260 1540 1413 1616 retentis,

259 1630 372 1713 virgas
392 1629 502 1692 ferens
521 1629 556 1692 in
576 1629 746 1704 manibus
767 1628 795 1692 si
814 1648 929 1693 secure
949 1628 1088 1712 poterit,
1108 1629 1256 1706 incedat,
1278 1637 1312 1694 et
1333 1637 1414 1695 ante

260 1721 349 1784 iores
360 1721 577 1785 ecclesiarum
589 1720 741 1804 ipsarum
754 1741 774 1784 a
786 1720 982 1804 presbiteris
994 1741 1123 1797 earum,
1136 1720 1308 1804 psalmum
1320 1723 1414 1806 peni-

259 1812 439 1877 tencialem
462 1812 666 1888 dicentibus,
691 1832 725 1875 se
748 1812 853 1877 iaciat
876 1812 1058 1889 verberari,
1082 1812 1222 1896 quando
1245 1814 1357 1897 major
1379 1815 1414 1878 in

259 1905 307 1969 eis
322 1904 430 1969 aderit
446 1903 563 1988 populi
578 1902 776 1980 multitud0,
792 1923 894 1968 suum
908 1904 1043 1987 publice
1058 1904 1253 1968 confitendo
1269 1912 1413 1970 reatum.

259 1996 429 2073 Ecclesiis‚
459 2001 587 2072 autem,
617 2016 764 2079 quarum
792 1996 928 2060 minstri
956 2001 1054 2060 erant
1082 1996 1193 2061 clerici
1221 1999 1414 2076 memorati,

259 2088 449 2153 satisfaciat
481 2092 725 2171 competenter.
772 2088 830 2164 Et,
863 2088 891 2151 si
923 2087 1052 2171 aliquid
1083 2087 1225 2152 feudum
1257 2089 1302 2154 ab
1333 2090 1415 2174 ipsis

259 2180 381 2244 habuit
401 2180 558 2256 ecelesiis,
579 2180 634 2244 vel
651 2179 707 2264 jus
726 2185 932 2263 patronatus
950 2179 985 2243 in
1005 2178 1133 2243 eisdem
1152 2181 1315 2264 optinuit,
1343 2182 1415 2266 ipse

259 2279 294 2337 et
316 2272 390 2357 ejus
412 2272 508 2335 heres
530 2271 595 2335 illis
616 2277 782 2355 perpetuo
805 2271 874 2335 sint
896 2271 1033 2355 privati.
1080 2271 1160 2348 Vos,
1185 2278 1313 2350 autem,
1337 2295 1416 2338 con-

259 2364 409 2428 siderata
429 2363 530 2447 culpa
550 2363 666 2447 ipsius,
688 2363 877 2448 injungatis
897 2363 927 2426 ei
948 2363 1177 2446 penitenciam
1198 2384 1264 2447 que
1285 2365 1350 2429 sibi
1371 2367 1416 2430 sit

259 2456 303 2520 ad
324 2456 526 2520 salutemet
547 2455 620 2519 aliis
641 2455 685 2518 ad
706 2460 879 2519 terrorem.
927 2454 1028 2538 Quod
1048 2455 1076 2518 si
1095 2455 1286 2539 predictam
1308 2458 1416 2541 [peni-

258 2548 422 2629 tenciam]
437 2547 547 2611 iacere
562 2547 817 2629 contempserit,
833 2547 946 2630 ipsum
960 2547 996 2610 in
1010 2547 1191 2630 pristinam
1206 2550 1417 2614 sentenciam

259 2731 474 2808 Novembris
511 2731 735 2815 pontificatus
770 2730 900 2794 domini
936 2729 1092 2794 Nicholai
1127 2751 1216 2815 pape
1251 2732 1285 2815 iij
1326 2754 1416 2798 anno

258 2822 407 2888 secundo
428 2823 530 2904 (Nov.
553 2841 604 2900 10,
627 2825 735 2906 1279).

94 2940 224 2982 naarai.
303 2917 421 2980 Letter
434 2916 522 2979 from
542 2915 601 2978 the
617 2914 732 2978 archb.
746 2920 782 2978 to
792 2914 852 2979 the
868 2913 1103 2998 penitenciary
1115 2913 1220 2978 dated
1231 2921 1268 2979 at
1284 2916 1417 2982 Alwen-

96 2990 246 3093 {Ziliffly
260 3015 351 3084 tone,
369 3007 428 3071 the
446 3026 552 3070 nones
566 3006 602 3070 of
619 3005 764 3090 August,
785 3005 884 3090 (Aug.
901 3020 932 3086 5,
952 3005 1061 3086 1281),
1080 3006 1264 3091 informing
1277 3008 1349 3072 him
1365 3032 1417 3074 :—

96 3092 233 3183 ffiffldnss
303 3100 431 3163 Vemm
459 3099 540 3182 quia
566 3097 740 3182 predictus
770 3098 943 3161 Robertus
970 3097 1012 3160 de
1034 3097 1166 3182 Berley,
1187 3098 1305 3177 laicus,
1331 3102 1417 3165 veri-

97 3192 229 3243 301105112‘1
262 3198 372 3255 tatem
401 3190 448 3255 rei
475 3196 569 3274 geste
597 3190 632 3253 in
660 3189 832 3273 premissis
860 3189 1015 3253 totaliter
1042 3209 1111 3253 non
1139 3192 1274 3274 aperuit
1302 3214 1418 3258 coram

96 3249 137 3285 not
146 3242 247 3284 revealed

94 3294 249 3386 ffitffirim
263 3283 371 3359 vobis,
402 3302 481 3346 eum
510 3281 623 3346 adhuc
651 3281 820 3364 majorils]
843 3281 1209 3364 excommunicacionis
1232 3286 1417 3363 sentencia,

98 3397 232 3436 nonomen>
263 3397 284 3439 a
311 3395 440 3439 canone
468 3373 697 3458 promulgata,
726 3379 926 3456 reputantes
954 3373 1173 3456 periculosius
1201 3374 1418 3455 innodatum,

97 3446 194 3537 {irim
261 3465 306 3531 ad
334 3487 396 3530 vos
424 3466 636 3530 decrevimus
664 3464 921 3540 remittendum,
950 3464 994 3527 ad
1022 3464 1155 3547 plenius
1177 3467 1419 3534 confidendum

262 3564 397 3623 reatum
418 3558 594 3642 proprium
608 3577 709 3640 super
727 3557 811 3632 istis,
826 3563 860 3620 et
882 3556 927 3619 ad
948 3555 1090 3620 ulterius
1111 3556 1306 3623 iaciendum
1325 3563 1419 3644 quod

263 3650 373 3714 eidem
395 3650 560 3715 duxeritis
582 3648 763 3712 salubriter
783 3647 1043 3732 injungendum.

100 3747 197 3839 23¹}ng
308 3744 408 3819 Item,
426 3742 490 3806 sub
506 3739 626 3804 eadem
641 3740 800 3804 scribitur
813 3760 875 3823 pro
891 3740 1024 3803 Thoma
1040 3739 1140 3804 Frere
1157 3742 1251 3824 apud
1264 3742 1409 3811 Cawode

102 3849 174 3890 nere
263 3855 308 3918 ιιι]
331 3835 408 3898 idus
427 3832 521 3917 Sept.
544 3832 651 3916 (Sept.
674 3850 725 3908 10,
748 3831 857 3913 1281).

105 3998 216 4041 ranae.
771 3947 999 4012 LICENCIA.

103 4098 233 4141 ww,
311 4075 383 4136 123.
431 4073 450 4119 2
480 4073 588 4119 nonas
618 4052 707 4129 Oct,
739 4073 830 4116 anno
860 4071 891 4128 2,
923 4051 1013 4132 (Oct.
1045 4051 1076 4129 6,
1110 4052 1218 4135 1280).
1267 4055 1423 4145 Kirkeby

103 4151 227 4199 ³²⁰⁰‘⁸²²0·
266 4148 453 4212 Usebrune.
487 4145 553 4222 W.,
586 4144 817 4228 permissione,
847 4150 924 4220 etc,
949 4143 1074 4208 dilecto
1106 4145 1141 4208 in
1173 4144 1308 4211 Christo
1341 4151 1421 4230 filio,

265 4240 429 4324 magistro
454 4237 623 4301 Willelmo
649 4237 691 4300 de
718 4236 829 4313 Blida,
856 4235 978 4300 rectori
1004 4235 1140 4300 ecclesie
1166 4236 1290 4303 Sancte
1316 4241 1422 4309 Elene

265 4332 300 4395 in
328 4331 537 4416 Staynegate
564 4329 599 4392 in
627 4329 794 4406 Eborac0‚
822 4328 981 4404 salutem,
1014 4334 1078 4392 etc.
1125 4328 1218 4393 Dum
1250 4332 1423 4417 obsequiis

264 4429 298 4489 et
319 4422 528 4488 utilitatibus
548 4419 723 4506 predilecti
748 4425 782 4486 et
802 4418 1020 4506 precordialis
1044 4420 1152 4486 nostri
1172 4419 1301 4488 domini
1321 4424 1354 4489 S.
1376 4427 1419 4493 de
