2994 4996
273 487 340 534 THE
362 487 526 534 REGISTER
546 486 588 533 OF
609 485 820 532 ARCHBISHOP
841 484 988 532 WILLIAM
1009 484 1210 533 WICKWANE.
1267 485 1325 552 199
1408 484 1412 490 '

167 643 240 708 sine
263 642 457 707 diffidencia
478 640 632 725 qualibet
655 639 871 706 convolandi.
929 640 1030 717 Ecce,
1052 639 1203 724 quidem,
1226 647 1327 726 pater

167 734 363 820 predilecte,
385 733 528 818 quidam
549 733 784 818 suffraganeus
805 738 932 809 noster,
954 731 1124 810 videlicet,
1146 722 1326 818 'episcopus

169 827 419 903 DunelmensiS,
449 833 517 904 etc,
547 825 632 890 sicul
659 825 738 890 aliis
766 824 1002 890 cardinalibus.
1049 824 1205 909 Qualiter
1230 845 1324 903 vero,

169 925 237 996 etc,
272 940 346 983 cum
379 918 563 1001 adjeccr'one
595 917 666 995 tali,
701 916 841 981 Placeat
873 916 982 980 eciam
1017 916 1116 981 vobis
1148 917 1325 1002 injungere

169 1011 309 1075 domino
330 1011 456 1088 Cinci0,
478 1009 642 1074 canonico
662 1016 780 1074 nostro
799 1009 872 1093 jam
892 1008 1025 1085 effecto,
1046 1008 1141 1092 quod
1160 1008 1326 1093 quicquid

170 1103 215 1167 ad
234 1104 398 1167 honorem
417 1102 554 1167 ecclesie
573 1107 689 1166 nostre
708 1120 890 1185 procurare
908 1100 1036 1184 poterit
1051 1121 1153 1184 super
1164 1101 1249 1178 istis
1263 1122 1325 1186 pro

171 1194 351 1259 commodo
378 1215 439 1259 suo
466 1193 501 1258 id
528 1193 697 1258 efficacius
724 1193 822 1258 nobis
848 1191 988 1257 studeat
1015 1192 1192 1277 impertiri.
1239 1192 1326 1258 Con-

169 1293 293 1363 servet,
313 1294 377 1351 etc.

213 1396 288 1462 479.
336 1379 355 1442 8
382 1378 458 1443 idus
484 1378 568 1461 Julii
596 1378 694 1463 (July
719 1377 765 1459 8),
794 1376 889 1454 1281,
917 1397 1008 1442 anno
1035 1395 1065 1443 2.
1111 1377 1324 1444 Alwentone.

168 1471 421 1555 Appointment
433 1471 481 1555 by
493 1471 553 1534 the
566 1470 771 1553 archbishop
783 1469 820 1534 oi
831 1468 960 1533 Master
970 1468 1121 1533 William
1133 1469 1175 1534 de
1188 1469 1326 1555 Boling-

170 1569 252 1628 tone
274 1583 311 1627 as
332 1563 384 1626 his
405 1568 544 1646 proctor
566 1561 635 1626 “in
657 1561 816 1625 omnibus
838 1561 949 1625 causis
970 1566 1005 1624 et
1025 1560 1184 1645 negociis,
1206 1582 1268 1627 nos
1290 1577 1325 1626 et

172 1655 348 1719 ecclesiam
380 1661 535 1718 nostram
571 1654 823 1719 Eboracensem
857 1652 1147 1737 contingentibus,
1176 1673 1218 1718 ex
1250 1674 1325 1739 pre-

170 1747 296 1811 fixione
323 1746 407 1830 juris
422 1746 478 1810 vel
493 1746 651 1824 hominis,
667 1744 902 1830 principaliter
928 1744 983 1809 vel
1004 1743 1257 1810 incidentaliter
1280 1745 1326 1811 ad

170 1838 293 1904 Sedem
308 1838 543 1922 Apostolicam
561 1837 767 1903 devolutis.”

214 1930 466 2014 Appointment
487 1931 523 1995 of
543 1931 602 1994 the
623 1950 718 1994 same
738 1951 776 1994 as
796 1929 849 1994 his
869 1933 1008 2013 proctor
1029 1928 1099 1993 “in
1120 1929 1231 1994 causis
1252 1936 1325 1995 tam
1338 1958 1436 2002 roasa

171 2023 444 2106 appellacionnm
461 2043 567 2106 quam
584 2022 830 2106 principalibus
846 2021 882 2085 in
899 2027 1027 2086 eventu
1044 2020 1241 2100 earundem,
1259 2042 1327 2106 que

171 2121 366 2192 vertuntur,
385 2136 445 2179 seu
462 2115 551 2179 verti
568 2120 761 2199 sperantur,
780 2115 870 2178 inter
886 2113 1140 2198 suffraganeum
1157 2120 1326 2193 nostrum,

172 2207 375 2284 Robertum,
397 2207 595 2291 episcopum
616 2206 893 2284 Dunelmensem,
914 2205 1062 2290 priorem
1082 2211 1117 2270 et
1136 2205 1329 2290 capitulum

172 2300 429 2376 Dunelmenses‚
450 2319 570 2363 aenos
589 2305 623 2363 et
642 2298 819 2363 ecclesiam
837 2303 992 2363 nostram
1010 2297 1273 2376 Eboracensem,
1292 2297 1328 2362 in

172 2391 273 2455 Curia
303 2391 461 2455 Romana
489 2391 544 2454 vel
574 2390 665 2467 alibi,
696 2410 798 2474 super
826 2389 1027 2454 visitacione
1055 2389 1090 2454 in
1119 2389 1264 2455 civitate
1293 2393 1328 2455 et

172 2483 309 2567 dyocesi
332 2482 620 2547 Dunelmensibus
641 2482 716 2566 jure
738 2481 991 2565 metropolitico
1012 2481 1112 2547 nobis
1135 2481 1263 2560 debita,
1287 2502 1328 2547 ac

172 2576 341 2639 instanter
356 2581 391 2638 et
407 2574 568 2639 canonice
584 2574 695 2657 petita
710 2579 746 2638 et
762 2573 807 2637 ab
823 2572 950 2637 eisdem
966 2573 1135 2658 episcopo,
1152 2574 1274 2659 priore,
1292 2579 1327 2639 et

171 2666 322 2750 capitulo
342 2667 565 2731 irreverenter
584 2672 618 2730 et
638 2665 871 2730 inhumaniter
890 2664 998 2730 eciam
1014 2664 1192 2750 denegata.

215 2759 245 2821 A
268 2758 404 2843 general
427 2759 668 2842 appointment
692 2759 728 2822 oi
750 2758 810 2822 the
833 2776 926 2822 same
949 2777 987 2821 as
1010 2757 1069 2822 the
1092 2757 1436 2843 archbishop’s120‚1⁵1,

171 2858 310 2934 proctor
328 2856 364 2914 at
385 2851 443 2914 the
463 2851 600 2914 Roman
619 2849 730 2914 Curia.

215 2943 371 3007 Another
389 2963 452 3006 one
471 2943 506 3006 in
525 2942 624 3006 fuller
642 2944 775 3011 terms.1

215 3035 289 3116 480.
337 3054 480 3100 anonas
496 3034 603 3117 Sept,
620 3054 711 3098 anno
726 3032 843 3116 tercio,
861 3031 969 3117 (Sept.
991 3051 1022 3116 4,
1041 3033 1151 3115 1282).
1179 3034 1325 3100 Lanum.
1339 3055 1470 3116 nonar.

171 3126 320 3190 Domino
350 3126 395 3189 H.
430 3125 623 3190 cardinalia
669 3125 883 3202 Reverend0,
916 3131 993 3202 etc,
1029 3125 1229 3204 WillelmuS,
1260 3134 1326 3192 etc.
1341 3105 1472 3207 fflffl

171 3217 379 3294 Gaudemus,
399 3225 444 3295 et,
465 3217 547 3282 dum
566 3238 728 3302 prospera
746 3217 788 3281 de
805 3216 905 3282 vobis
922 3217 1122 3302 recepimus,
1140 3218 1328 3284 hillaritate
1340 3204 1486 3297 fflffi

171 3310 288 3374 refecti
301 3311 508 3394 assurgimus
521 3310 781 3394 applaudentes,
794 3331 835 3374 ac
847 3309 889 3374 de
901 3308 1099 3375 celebritate
1111 3310 1202 3375 farne
1213 3315 1328 3376 vestre
1340 3306 1492 3397 cmx„

170 3403 359 3485 presertim,
379 3422 457 3485 que,
477 3402 611 3485 placido
630 3401 862 3466 crebrescente
880 3421 1026 3487 rumore,
1046 3401 1173 3467 floridis
1191 3402 1327 3487 pululat
1340 3368 1445 3448 gumm-

171 3494 398 3571 incrementis,
417 3494 592 3577 geminata
607 3494 722 3558 leticia
738 3514 800 3558 nos
817 3492 939 3558 circuit
956 3499 992 3558 et
1008 3493 1129 3558 intime
1146 3494 1325 3572 refocillat3

171 3593 358 3669 sperantes,
375 3587 566 3669 quinimmo
582 3586 750 3650 veraciter
764 3586 950 3661 intuentes,
964 3584 1058 3668 quod
1076 3584 1121 3650 ad
1136 3586 1328 3652 communis

172 3678 308 3742 ecclesie
341 3685 457 3742 nostre
490 3678 725 3754 Eboracensis,
759 3678 858 3762 cujus
889 3677 969 3762 jura
1000 3676 1195 3743 lacerantur
1225 3677 1328 3744 hodie

172 3770 360 3852 capciosius
376 3776 410 3833 et
427 3770 622 3847 turbantur,
638 3768 783 3834 solidam
799 3768 1053 3852 reparacionem
1067 3775 1103 3833 et
1117 3768 1328 3856 inexpugna-

172 3862 239 3925 bile
261 3861 597 3948 iulcimentum,¹vos
618 3861 793 3945 plantavit
815 3860 984 3926 Dominus
1004 3861 1107 3946 juxta
1128 3861 1329 3927 universalis

173 3954 309 4017 ecclesie
342 3954 530 4037 principem
566 3961 601 4019 et
637 3960 823 4038 patronum
859 3952 1068 4018 eminencius
1103 3959 1139 4018 et
1173 3953 1327 4038 prefecit.

175 4046 360 4130 Rogamus,
386 4046 514 4129 itaque,
539 4045 689 4129 piissime
705 4051 815 4130 pater,
840 4044 1060 4110 devotissime
1075 4050 1111 4110 et
1127 4045 1328 4124 instancius,

173 4138 338 4220 quatinus
372 4137 513 4221 negocia
548 4137 685 4202 ecclesie
720 4137 886 4222 ejusdem,
921 4155 989 4220 que
1024 4135 1070 4201 ad
1104 4137 1330 4203 recenciorem

174 4230 374 4293 memoriam
410 4228 509 4293 vobis
544 4229 677 4294 vicibus
721 4226 1039 4294 recommendamus
1074 4227 1218 4307 iteratis,
1245 4229 1330 4314 quin

207 4343 260 4392 112
286 4345 339 4394 kal.
368 4345 430 4406 Jan.
461 4344 538 4403 (Dec.
565 4344 619 4406 21),
649 4342 724 4394 1281.
760 4343 884 4408 bishop's
921 4347 1035 4406 proctor
1064 4347 1095 4393 at
1132 4358 1168 4393 an
1226 4345 1331 4395 annual

176 4411 353 4474 Scyreburne.
376 4411 727 4473 AppointmentoiMaster
761 4411 853 4475 salary
868 4407 963 4461 ories.
978 4409 1038 4472 (Fo.
1050 4408 1120 4473 151).

176 4478 297 4526 Richard
327 4478 361 4525 de
391 4477 488 4540 Spyna
515 4491 546 4525 as
577 4478 625 4524 the
650 4477 727 4526 arch·
795 4476 958 4541 ’Probably
993 4476 1041 4526 the
1074 4476 1199 4527 cardinal
1228 4478 1259 4529 oi
1287 4478 1329 4532 st.

762 4542 944 4595 laurencein
957 4542 1071 4595 Lucina.
