2994 4996
249 521 288 584 72
366 520 431 565 THE
455 521 617 566 REGISTER
638 521 680 566 OF
701 521 912 567 ARCHBISHOP
934 521 1080 567 WILLIAM
1102 522 1302 569 WICKWANE.

248 695 335 752 mus,
347 681 382 739 et
391 675 630 759 pertinendam
642 696 701 740 seu
712 675 1003 760 spectandam,ad
1014 677 1243 760 provisionem
1253 683 1406 742 nostram

251 774 286 830 11
307 787 539 832 successorum
560 767 758 852 hujusmodi
779 768 1032 852 imperpetuum
1055 774 1172 833 tenore
1193 770 1405 853 presencium

250 857 458 923 ordinamus.
506 859 602 923 Prior
632 860 740 924 eciam
772 866 806 924 et
849 866 1038 924 conventus
1081 860 1123 925 (11
1165 862 1406 944 procuracione

86 978 203 1020 canonio
251 949 480 1015 archidiaconi
520 957 555 1016 et
594 951 817 1036 synodalibus
856 957 1022 1036 perpetuo
1063 952 1329 1036 respondebunt,
1370 961 1405 1018 et

85 1041 188 1129 ἔξω,
250 1041 389 1107 cuilibet
406 1043 543 1120 vicario,
557 1044 617 1127 qui
633 1063 695 1127 pro
707 1050 861 1147 ternpore
873 1043 921 1107 ibi
931 1043 1044 1120 fuerit,
1057 1065 1105 1107 xx
1120 1043 1246 1108 solidos
1262 1046 1404 1129 argenti,

86 1130 192 1229 {nggfflg
201 1179 237 1219 ,he
251 1135 286 1198 in
304 1135 400 1198 festis
418 1133 533 1199 Sanct'
508 1142 535 1199 tr
552 1135 717 1199 Martini
709 1155 744 1199 m
762 1136 884 1238 hyeme
899 1141 933 1199 11
947 1134 1128 1200 Ρ11111151
1114 1141 1165 1200 115
1168 1156 1251 1220 ,per
1267 1136 1405 1221 equales

87 1230 153 1279 vuar
162 1229 205 1269 ³¹²⁶
251 1226 427 1309 porciones
449 1227 656 1309 persolvent,
680 1227 817 1291 nomine
841 1246 953 1291 annue
976 1233 1011 1291 et
1034 1233 1198 1330 perpetue
1221 1228 1403 1332 pensionis.

86 1282 237 1429 ffississrg
252 1315 299 1382 Et
315 1318 459 1402 predicti
475 1318 568 1401 prior
583 1325 618 1382 et
635 1325 825 1383 conventus
841 1317 995 1403 predicto
1011 1319 1138 1384 vicario
1156 1325 1190 1384 et
1206 1321 1405 1385 successori-

87 1411 164 1479 menti,
175 1434 226 1479 etc,
251 1411 315 1474 bus
331 1410 400 1474 suis
415 1429 478 1494 pro
494 1409 588 1474 libris
604 1416 639 1474 et
655 1411 889 1474 ornamentis
880 1410 986 1494 ipsius
1003 1411 1139 1476 ecclesie
1156 1412 1354 1496 reparandis
1370 1420 1404 1477 et

250 1501 458 1606 sustinendis
479 1502 675 1586 persolvent
697 1502 742 1567 ad
765 1502 1047 1567 Pentecostent
1013 1508 1047 1567 11
1070 1503 1115 1605 ad
1137 1502 1264 1568 festum
1287 1503 1404 1607 Sancti

251 1645 494 1764 annuatimet
520 1684 601 1750 iiiid
620 1685 725 1750 annui
750 1685 862 1750 reddit
848 1691 904 1750 tus
921 1686 965 1750 ad
990 1686 1126 1750 eosdem
1152 1687 1317 1751 terminos
1342 1708 1405 1771 pro

250 1738 467 1861 porcionibus
493 1777 682 1862 equalibus,
711 1798 772 1861 pro
800 1777 932 1862 ceragio
960 1777 1135 1862 Radulphi
1161 1778 1221 1842 filii
1249 1779 1406 1863 Hugonis

250 1877 285 1934 et
311 1869 475 1934 heredum
495 1889 646 1946 suorum,
667 1868 709 1933 de
731 1868 884 1954 quadarn
909 1875 1000 1934 terra
1023 1869 1058 1933 in
1081 1869 1267 1935 Westcroft
1298 1891 1404 1955 quam

251 1960 456 2045 Radulphus
492 1962 660 2045 presbiter
696 1961 881 2046 aliquando
918 1961 1041 2025 tenuit.
1088 1961 1135 2024 Et
1172 1962 1281 2026 eciam
1318 1982 1405 2027 onus

250 2053 389 2118 cancelli
423 2052 643 2117 construendi
676 2073 735 2117 scu
769 2053 949 2137 reparandi
994 2053 1214 2117 sustinebunt
1259 2054 1405 2138 predicti

249 2145 342 2229 prior
367 2151 401 2208 et
430 2151 630 2222 conventus,
659 2145 820 2228 quociens
847 2145 1016 2209 cancellus
1043 2145 1085 2208 de
1112 2165 1203 2209 novo
1231 2145 1322 2210 refici
1349 2146 1404 2210 vel

174 2263 179 2274 ·
249 2237 401 2301 construi
438 2236 630 2321 indiguerit.
679 2236 776 2300 Idem
812 2256 893 2300 vero
930 2236 1022 2319 prior
1058 2242 1093 2300 et
1129 2243 1330 2314 conventus
1369 2245 1410 2302 et-

179 2363 184 2374 ·
248 2327 423 2412 predictus
452 2329 609 2405 vicarius,
650 2327 692 2392 de
731 2328 890 2392 oneribus
923 2327 1201 2393 extraordinariis
1233 2349 1295 2412 pro
1328 2335 1404 2394 rata

248 2421 449 2504 porcionum
471 2440 609 2485 suarum
632 2425 798 2503 perpetuo
821 2418 1087 2504 respondebunt.
1135 2420 1243 2484 Nobis
1265 2441 1346 2484 vero
1369 2428 1404 2485 et

247 2513 496 2577 successoribus
542 2511 667 2575 nostris
714 2517 923 2594 potestatem
978 2531 1190 2576 reservamus
1243 2512 1403 2587 addendi,

247 2603 417 2681 mutandi,
434 2603 621 2679 minuendi,
641 2602 839 2686 corrigendi,
860 2601 1066 2680 declarandi,
1090 2603 1340 2687 interpretandi
1369 2603 1404 2668 in

247 2697 418 2779 premissis
428 2702 462 2760 et
475 2695 614 2779 singulis
626 2695 1193 2779 premissorum,quocienscumque
1206 2701 1240 2759 11
1250 2695 1405 2780 quando-

247 2808 394 2872 cumque
410 2788 508 2851 nobis
525 2791 572 2868 [et
591 2787 841 2852 successoribus
859 2787 1014 2868 nostris]1
1029 2787 1203 2851 videbitur
1221 2786 1380 2871 expedire
1396 2810 1403 2864 3

247 2886 282 2944 et
302 2886 375 2944 tam
388 2879 568 2963 religiosos,
582 2899 687 2964 quarn
711 2879 877 2942 vicarium
890 2878 950 2961 qui
970 2898 1032 2962 pro
1044 2884 1198 2962 tempore
1211 2878 1325 2954 111111,
1345 2899 1406 2963 per

247 2973 423 3036 fructumn
444 2971 550 3054 ipsius
571 2970 707 3036 ecclesie
729 2970 772 3033 de
794 2969 928 3054 Marsey
949 2970 1260 3054 sequestracionem
1282 2977 1316 3036 11
1338 2971 1405 3036 alio

246 3082 464 3147 quocumque
496 3061 610 3139 modo,
642 3068 746 3146 prout
778 3061 878 3126 nobis
909 3061 964 3125 vel
996 3062 1248 3126 successoribus
1279 3063 1405 3128 nostris

247 3154 424 3238 placuerit,
449 3152 495 3217 ad
518 3154 775 3219 observanciam
800 3153 1042 3238 premissomm
1067 3159 1102 3217 et
1126 3153 1338 3238 singulorum
1362 3155 1404 3219 de

246 3246 429 3330 premissis,
451 3265 668 3329 quocumque
689 3252 843 3330 tempore
859 3244 1085 3329 compellendi
1106 3246 1236 3329 absque
1257 3247 1404 3330 strepitu

246 3337 399 3421 judiciali
417 3356 634 3421 quocumque
651 3359 658 3414 ;
690 3338 746 3402 cui
762 3343 879 3422 partes
895 3337 976 3401 hinc
992 3336 1072 3401 inde
1088 3356 1151 3420 pro
1168 3357 1203 3401 se
1221 3344 1256 3401 et
1272 3357 1403 3403 succes-

246 3430 379 3494 soribus
393 3429 462 3493 suis
477 3428 720 3495 renunciarunt
734 3429 884 3493 omnino
933 3428 1128 3513 Ingressum
1143 3434 1261 3493 autem
1276 3428 1401 3493 eisdem

146 3548 178 3597 eg
246 3521 407 3605 religiosis
453 3521 488 3584 in
524 3520 698 3584 ecclesiam
742 3521 954 3586 antedictam
989 3519 1178 3584 secundum
1213 3521 1333 3584 seriem
1369 3528 1403 3585 et

162 3677 167 3687 ,
245 3613 479 3678 substanciam
503 3617 729 3676 memoratam
753 3613 902 3696 graciose
926 3611 1166 3689 concedimus3
1215 3611 1403 3677 dummodo

245 3704 504 3769 archidiaconus
529 3704 604 3780 loci,
632 3704 687 3767 vel
713 3704 786 3787 ejus
812 3703 975 3780 officialis
1002 3704 1228 3787 personaliter
1253 3703 1401 3781 affuerit,

245 3803 280 3861 et
291 3797 347 3881 jus
358 3797 423 3860 sibi
434 3797 569 3860 salvum
581 3795 615 3859 in
628 3795 779 3878 ingressu
792 3795 908 3860 videat
920 3802 955 3860 et
968 3801 1143 3880 agnoscat,
1156 3801 1191 3859 et
1204 3795 1402 3880 hujusmodi

244 3889 384 3973 pietatis
419 3894 535 3952 nostre
570 3887 624 3971 pie
660 3907 695 3950 se
730 3887 872 3970 prebeat
907 3887 943 3950 in
978 3893 1180 3952 contestem.
1228 3886 1331 3952 Salvo
1367 3888 1402 3951 in

244 3980 416 4065 premissis
441 3978 578 4044 ecclesie
603 3984 718 4043 nostre
744 3978 968 4043 Eboracensis
993 3980 1068 4063 jure
1093 3999 1232 4063 semper·
1252 3985 1287 4043 et
1312 3978 1402 4042 sedis

244 4071 398 4158 ejusdem
422 4071 600 4155 dignitate.
648 4070 779 4135 Datum
804 4075 838 4134 et
862 4075 979 4134 actum
1003 4070 1045 4134 de
1069 4090 1236 4136 consensu
1259 4070 1402 4154 capituli

243 4164 352 4230 nostri
370 4163 605 4228 Eboracensis.

288 4299 307 4362 3
333 4279 410 4344 idus
426 4278 515 4355 011,
543 4277 633 4360 (011.
655 4282 720 4360 13),
741 4277 835 4356 1280,
853 4298 943 4343 anno
960 4296 991 4343 2.
1024 4278 1190 4343 Martone.
1220 4279 1403 4344 Institucio

244 4372 372 4438 vicarii.
428 4369 627 4448 Willelmus,
643 4376 721 4448 etc,
736 4369 905 4434 Willelmo
920 4370 963 4434 de
987 4370 1184 4455 Langetoft,
1200 4371 1400 4454 presbitero,

728 4510 809 4559 From
823 4512 858 4559 to.
878 4510 934 4558 178.
