2994 4996
21 495 60 554 30
137 493 203 537 THE
225 493 388 539 REGISTER
409 493 451 538 OF
472 493 684 539 ARCHBISHOP
704 493 852 539 WILLIAM
874 492 1075 539 WICKWANE.

19 677 137 737 sancte
192 671 361 756 religionis
415 676 654 755 contemptum
709 678 743 736 et
797 693 937 736 suarum
991 672 1180 756 periculum

20 764 224 828 animarum.
296 764 463 847 Quocirca
493 764 715 828 reverendam
745 764 991 848 paternitatem
1029 770 1178 828 vestram

20 855 182 922 duximus
207 855 422 939 presentibus
444 855 706 939 supplicandam
723 856 887 939 quatinus
904 856 995 940 ipsos
1013 856 1055 919 R.
1074 863 1108 920 et
1126 856 1180 933 A.‚

20 969 107 1032 quos
125 968 188 1031 pro
205 947 336 1011 offensa
352 952 387 1010 et
405 947 623 1011 contumacia
647 947 845 1012 eorumdem
870 948 1181 1013 excommunicavi-

20 1060 97 1103 mus
134 1039 361 1116 unanimiter,¹
390 1044 424 1103 et
461 1039 776 1104 excommunicatos
821 1040 1105 1104 denunciavimus
1145 1040 1179 1102 in

20 1132 172 1215 capitulo
189 1138 223 1195 et
240 1136 424 1207 conventu,
436 1131 549 1194 velitis
565 1151 626 1215 per
640 1137 793 1195 vestram
809 1131 982 1215 dyocesim
995 1152 1052 1195 eos
1065 1131 1181 1195 taliter

20 1223 335 1287 excommunicatos
351 1221 518 1286 universis
534 1228 569 1286 et
585 1223 725 1306 singulis
742 1224 852 1287 facere
868 1244 930 1307 pro
947 1223 1179 1287 excommuni-

21 1315 107 1378 catis
137 1321 171 1378 et
203 1315 371 1398 apostasis
394 1313 529 1398 puplice
556 1314 721 1391 nunciari,
746 1320 781 1378 et
812 1315 856 1378 ab
880 1315 1039 1379 omnibus
1070 1315 1180 1378 arcius

20 1406 143 1470 evitari
155 1429 162 1483 ;
201 1427 241 1470 ac
253 1406 372 1482 eciam,
387 1426 465 1469 curn
478 1427 539 1489 per
551 1406 586 1469 xl
599 1406 671 1470 dies
684 1407 719 1470 in
731 1407 931 1490 hujusmodi
944 1407 1179 1471 excommuni-

20 1498 167 1562 cacionis
213 1498 388 1562 sentencia
434 1497 706 1581 perduraverint,
755 1499 868 1562 claves
915 1499 1052 1563 ecclesie
1099 1520 1179 1562 con-

18 1589 239 1674 tempnendo
270 1589 466 1674 dignemini,
496 1590 525 1653 si
554 1589 677 1672 placet,
707 1590 896 1654 secundum
925 1596 1179 1674 preoptentam,

18 1683 240 1758 meritoriam,
269 1688 304 1746 et
329 1682 422 1765 piam
447 1681 730 1745 consuetudinem
760 1682 864 1765 hujus
895 1683 998 1766 regni,
1030 1682 1180 1746 seculare

15 1774 195 1839 brachium
218 1773 387 1837 invocare.
429 1772 613 1838 Conservet
637 1793 710 1850 v0S,
736 1781 800 1838 etc.

0 1883 3 1890 ’
64 1885 102 1930 11
141 1865 208 1929 kal.
247 1865 340 1949 Sept.
361 1917 363 1920 .
382 1865 481 1949 (Aug.
521 1883 573 1942 22,
609 1865 717 1947 1280).
776 1867 940 1943 Burtone,
996 1865 1061 1943 W,
1100 1872 1178 1942 etc,

0 1957 271 2022 venerabilibus
297 1957 472 2033 fratribuS,
501 1957 622 2021 eadem
648 1958 762 2042 gracia
788 1958 1021 2035 Dunelmensi,
1046 1957 1179 2021 Karlio-

17 2049 113 2126 lensi,
134 2056 168 2113 et
189 2048 340 2113 Candide
360 2049 454 2124 Caso,
475 2049 652 2132 episcopis,
673 2070 713 2113 ac
732 2050 899 2113 universis
919 2049 1178 2125 archidiaconis,

18 2141 229 2218 officialibus,
264 2147 298 2204 et
332 2141 406 2204 aliis
438 2140 712 2224 jurisdiccionem
746 2141 953 2206 habentibus
986 2142 1020 2204 in
1054 2141 1180 2205 diocesi

17 2233 72 2297 vel
90 2233 267 2316 provincia
285 2232 504 2308 Eboracensi,
524 2231 671 2296 salutern
690 2233 725 2296 in
743 2232 893 2296 Auctore
911 2233 1042 2297 salutis.
1090 2233 1180 2316 Quia

19 2324 186 2389 Ricardus
206 2323 248 2387 de
271 2324 439 2408 Kyrkeby
459 2330 493 2388 et
514 2323 645 2387 Alanus
665 2323 707 2388 de
727 2324 873 2408 Thorpe,
897 2325 1057 2388 canonici
1079 2324 1179 2388 Beati

16 2415 151 2481 Andree
163 2417 398 2492 Eboracensis‚
409 2415 452 2479 de
464 2416 581 2479 ordine
592 2415 707 2480 Sancti
720 2415 864 2480 Gilberti
874 2415 1179 2501 Sempringhamie,

17 2508 59 2573 de
91 2508 214 2572 habitu
244 2507 299 2571 vel
341 2508 549 2591 professione
580 2507 786 2590 inpudenter
818 2529 858 2572 ac
895 2508 1073 2591 inprovide
1109 2528 1179 2571 non

17 2606 186 2676 curantes,
220 2620 339 2683 nuper,
374 2604 543 2683 tanquam
577 2605 736 2683 apostate
768 2606 803 2664 et
836 2600 900 2664 Dei
933 2600 1179 2664 malediccione

17 2693 174 2769 involuti,
210 2696 393 2755 noctanter
426 2697 461 2754 et
496 2691 634 2768 furtive,
671 2712 691 2755 a
725 2698 899 2756 conventu
933 2698 967 2755 et
1003 2692 1178 2756 consorcio

18 2790 238 2860 recesserunt,
265 2786 368 2867 quosl
395 2782 488 2866 prior
521 2788 556 2846 et
594 2788 786 2847 conventus
823 2783 977 2868 ejusdem
1014 2784 1079 2848 loci
1117 2804 1180 2866 pro

18 2876 204 2940 eorundem
220 2875 350 2938 oflensa
365 2880 400 2938 et
415 2875 634 2938 contumacia
648 2877 990 2940 excommunicarunt
1005 2875 1179 2940 concordi-

18 2975 81 3044 ter,
99 2974 133 3031 et
151 2966 477 3043 excommunicatos
495 2972 667 3050 quatenus
690 2966 734 3030 ad
756 2967 848 3049 ipsos
871 2968 1027 3044 attinuit,
1044 2967 1179 3051 puplice

17 3060 236 3135 nunciarunt,
266 3065 421 3122 nostram
448 3078 551 3142 super
578 3059 643 3122 hoc
671 3058 974 3123 denunciacionem
1003 3059 1179 3143 puplicam

19 3157 211 3215 reverenter
231 3158 266 3214 et
286 3150 462 3214 humiliter
481 3149 692 3233 inquirentes
709 3173 715 3227 ;
756 3150 936 3215 devocioni
955 3157 1068 3214 vestre
1100 3171 1178 3214 cum

17 3244 187 3307 instancia
210 3249 244 3306 et
267 3242 318 3306 sol
329 3242 369 3323 [l]
380 3242 459 3306 icite
495 3242 706 3326 injungimus
729 3248 764 3306 et
787 3242 992 3306 mandamus
1016 3242 1180 3326 quatinus

19 3335 157 3399 eosdem
177 3335 218 3398 R.
238 3340 272 3398 et
290 3333 330 3397 A.
350 3354 411 3417 pro
429 3333 735 3398 excommunicatis
752 3340 787 3398 et
805 3334 973 3417 apostasis
990 3354 1051 3418 per
1067 3339 1180 3397 totam

17 3426 294 3510 jurisdiccionem
333 3432 485 3489 vestram
524 3425 659 3489 faciatis
697 3425 903 3490 nominatim
942 3431 977 3489 et
1016 3426 1180 3489 continuo

17 3519 155 3602 puplice
181 3518 217 3581 in
243 3517 383 3601 singulis
409 3517 556 3581 ecclesiis
582 3517 796 3600 proclamari,
824 3517 933 3582 donec
959 3517 1052 3581 aliud
1078 3537 1180 3600 super

18 3612 85 3674 hoc
104 3632 125 3674 a
142 3610 241 3674 nobis
260 3609 453 3692 receperitis
471 3609 507 3672 in
525 3608 710 3673 mandatis.

63 3713 115 3798 98.
163 3732 291 3778 anon.
322 3712 406 3795 Julii
436 3712 534 3796 (July
561 3712 606 3793 6),
639 3713 733 3778 1280.
780 3712 926 3796 Thorpe,
974 3713 1179 3777 Institution

18 3807 54 3870 of
77 3805 211 3888 Jurdan
235 3804 366 3888 Buuy2‚
382 3805 552 3888 chaplain,
569 3810 606 3868 to
630 3806 689 3868 the
712 3805 870 3889 vicarage
891 3806 927 3869 oi
950 3804 999 3870 St.
1017 3804 1179 3869 Nicholas

18 3898 53 3960 in
76 3899 134 3961 the
156 3899 262 3980 porch
285 3897 441 3981 (porticu)
463 3897 499 3960 ol
521 3896 614 3980 Holy
635 3896 782 3981 Trinity,
806 3897 912 3973 York,
935 3918 980 3961 on
1002 3899 1061 3961 the
1089 3900 1176 3981 pres.

18 3990 54 4053 of
71 3990 130 4053 the
149 3989 241 4072 prior
259 3988 327 4052 and
346 3994 495 4053 convent
514 3989 550 4052 ol
568 3988 662 4073 Holy
679 3988 825 4074 Trinity,
845 3989 951 4054 York.

62 4100 114 4165 99.
162 4095 181 4160 5
194 4081 271 4145 idus
282 4079 376 4163 Sept.
390 4079 497 4163 (Sept.
509 4083 555 4164 9),
570 4079 663 4145 1280.
688 4080 792 4164 Apud
802 4080 969 4145 Sanctum
979 4081 1178 4147 Oswaldum

19 4172 221 4237 Reverendo
248 4172 339 4255 patri
366 4172 401 4235 in
428 4172 573 4249 Christ0,
602 4171 741 4237 domino
765 4172 830 4249 W,
848 4180 925 4249 etc,
953 4173 1006 4237 sui
1032 4173 1178 4237 humiles

18 4265 88 4341 filii,
114 4265 207 4348 prior
231 4270 265 4327 et
291 4271 483 4328 conventus
508 4264 550 4328 de
575 4263 703 4328 Sancto
729 4264 899 4341 Oswald0,
925 4265 1072 4329 salutern
1098 4285 1177 4329 cum

17 4356 110 4420 omni
133 4355 342 4431 obediencia,
367 4356 571 4432 reverencia,
594 4361 629 4420 et
647 4357 786 4434 honore,
805 4356 931 4421 debitis
950 4363 1050 4420 tanto
1073 4357 1175 4440 patri.

88 4495 184 4558 lQuis.
223 4494 332 4542 correct
347 4508 383 4543 on
397 4494 433 4543 lo.
451 4494 528 4544 ruod.
703 4495 833 4559 ²Jordan
848 4496 949 4561 Buyly.
989 4498 1035 4546 Fo.
1055 4496 1112 4546 107.
