2994 4996
248 510 307 573 242
356 509 423 554 THE
445 510 610 555 REGISTER
631 510 673 554 OF
695 509 906 554 ARCHBISHOP
927 510 1074 555 WILLIAM
1096 510 1298 556 WICKWANE.

43 665 46 671 ¹
85 668 187 709 vanae
292 662 367 747 596.
414 681 456 747 27
477 662 531 727 die
551 663 651 747 Aug,
673 663 693 726 a
713 662 810 727 Edw.
833 663 958 745 (1280).
1006 663 1155 727 serane.
1203 637 1409 741 sewardus,

85 720 139 759 from
152 719 188 759 the
305 755 310 766 ,
410 755 416 768 ,
714 755 719 766 .
738 755 744 765 .
763 755 769 765 .
881 755 886 766 .
1294 756 1300 768 .
1402 756 1408 767 .

85 770 136 820 kint
147 773 169 809 to
180 769 217 809 the
249 756 313 820 Der
327 775 451 839 gracia,
467 762 544 831 etc,
559 755 746 819 venerabili
760 775 795 818 m
810 753 956 832 Christo,
972 761 1036 819 etc.
1066 756 1120 819 Ex
1134 762 1233 840 parte
1248 755 1411 820 Willelm1

85 820 236 910 &illidii
249 848 291 912 de
316 847 485 924 Brehulle,
509 867 613 930 quem
644 847 689 910 ad
720 846 1022 911 denunciacionem
1054 853 1206 913 vestram
1237 846 1410 932 tanquam

85 920 215 1019 bibilla
249 939 586 1004 excommunicatum
621 945 655 1003 et
689 939 803 1003 claves
838 939 975 1003 ecclesie
1009 946 1314 1024 contempnentem
1349 961 1411 1025 per

85 1020 224 1110 ξέξωξζῖἰὲἷ·
249 1031 486 1096 vicecomitem
529 1037 687 1095 nostrum
729 1031 982 1095 Eboracensem
1025 1052 1085 1116 per
1128 1053 1251 1116 corpus
1294 1053 1408 1108 suum,

248 1123 744 1188 secundumconsuetudinem
768 1122 899 1207 Anglie,
928 1123 1096 1208 justiciari
1116 1125 1269 1201 lecimus
1299 1125 1409 1190 donec

248 1222 366 1280 sancte
388 1215 536 1292 ecclesie,
554 1222 628 1279 tam
649 1214 691 1278 de
713 1221 916 1298 contemptu
936 1235 1043 1299 quam
1064 1216 1106 1280 de
1122 1216 1248 1300 injuria
1264 1216 1295 1280 ei
1311 1216 1409 1281 illata

249 1308 293 1372 ab
307 1328 358 1384 e0‚
373 1308 477 1371 fuerit
490 1307 719 1393 satisfactum,
734 1306 833 1371 nobis
847 1313 898 1371 est
913 1314 1088 1372 ostensum
1102 1308 1207 1391 quod,
1221 1308 1302 1372 licet
1316 1308 1409 1372 idem

248 1400 438 1464 Willelmus
452 1399 625 1484 ydoneam
640 1399 839 1463 concionem
854 1399 896 1462 de
911 1399 1064 1483 parendo
1079 1400 1254 1464 mandatis
1269 1400 1409 1465 ecclesie

248 1492 283 1556 in
301 1492 412 1556 forma
429 1491 514 1575 juris
530 1491 630 1555 vobis
647 1492 844 1575 frequenter
861 1491 1035 1568 obtulerit,
1054 1498 1094 1556 ut
1112 1512 1173 1575 per
1189 1493 1254 1556 hoc
1272 1491 1409 1557 absolu-

248 1584 354 1648 cionis
381 1583 584 1648 beneficium
612 1583 774 1666 consequi
801 1583 920 1667 possit,
949 1604 1021 1661 vos,
1051 1589 1179 1661 tamen,
1208 1584 1409 1649 caucionem

248 1676 343 1740 illam
361 1676 405 1740 ab
424 1696 464 1739 eo
482 1675 666 1739 admittere
684 1676 851 1739 hactenus
870 1676 1062 1754 recusastis,
1082 1675 1124 1740 de
1142 1696 1211 1759 quo
1229 1676 1407 1741 miramur.

167 1822 169 1826 .
248 1769 296 1832 Et
316 1769 399 1852 quia
418 1767 578 1832 nolumus
598 1766 693 1851 quod
713 1767 804 1831 idem
824 1767 1014 1832 Willelmus
1034 1773 1156 1832 contra
1175 1768 1352 1852 justiciam
1372 1769 1409 1833 in

248 1860 387 1944 prisona
401 1859 534 1924 diucius
549 1859 756 1936 detineatur,
772 1859 871 1924 vobis
886 1859 1092 1924 mandamus
1107 1860 1212 1944 quod,
1229 1866 1373 1943 accepta
1389 1882 1409 1925 a

248 1953 384 2036 prefato
410 1951 579 2016 Willelmo
605 1952 768 2016 caucione
793 1951 959 2035 predicta,
987 1952 1100 2035 ipsum
1127 1973 1147 2016 a
1172 1952 1312 2035 prisona
1338 1973 1409 2036 qua

248 2044 423 2109 detinetur
445 2043 622 2108 occasione
645 2043 800 2126 predicta
823 2044 894 2107 sine
918 2043 1085 2108 dilacione
1108 2043 1288 2108 deliberari
1310 2065 1409 2109 man-

248 2136 337 2200 detis
352 2158 360 2213 ;
391 2135 543 2220 alioquin
557 2135 652 2220 quod
667 2141 824 2200 nostrum
840 2140 892 2199 est
907 2135 942 2199 in
957 2136 1022 2201 hac
1038 2156 1258 2220 exequamur.

85 2228 122 2269 ΡΟ·
135 2230 169 2270 ⁵⁷·
291 2228 485 2292 Venerabili
497 2228 532 2291 in
545 2226 680 2292 Christo
692 2228 795 2311 patri,
809 2233 886 2304 etc,
900 2248 981 2292 suus
994 2228 1141 2292 devotus
1165 2229 1198 2311 J.
1215 2228 1272 2310 [de
1291 2228 1410 2293 Lithe-

84 2379 158 2419 Lmer
168 2383 190 2418 to
247 2322 435 2404 graynes]‚1
468 2320 657 2384 vicecomes
689 2319 926 2397 EboracensiS,
959 2320 1106 2385 salutem
1130 2327 1165 2384 et
1184 2320 1340 2385 debitam
1372 2321 1409 2386 in

82 2431 203 2520 iiffib'
247 2412 407 2476 omnibus
423 2412 654 2476 reverenciam
670 2432 749 2476 cum
764 2412 903 2476 honore.
951 2412 1156 2477 Mandatum
1173 2412 1303 2476 domini
1320 2413 1409 2498 regis

83 2530 189 2590 samaa
247 2505 358 2589 recepi
388 2505 424 2568 in
466 2505 529 2568 hec
559 2503 666 2568 verba
682 2503 937 2580 :—Edwardu5‚
969 2504 1034 2568 Dei
1065 2505 1189 2587 gracia,
1207 2511 1285 2582 etc,
1317 2505 1409 2570 vice-

84 2581 226 2671 Xssffln,
248 2597 366 2661 comiti
384 2596 604 2674 Eboracensi,
624 2602 689 2660 etc.
737 2596 791 2659 Ex
809 2602 908 2680 parte
927 2596 979 2660 W.
1000 2596 1042 2660 de
1061 2596 1220 2661 Brehulle
1238 2617 1343 2680 quem
1362 2599 1409 2662 ad

83 2682 174 2732 ⁵¹¹bl⁸⁰i
247 2688 551 2753 denunciacionem
593 2687 797 2751 venerabilis
840 2688 959 2771 patris,
1004 2688 1069 2765 W,
1114 2694 1191 2764 etc,
1236 2696 1408 2772 tanquam

247 2781 596 2858 excommunicatum,
622 2785 699 2858 etc,
725 2786 904 2864 utsupra.
951 2780 998 2844 Et
1023 2780 1105 2864 quia
1129 2781 1300 2859 nolumus,
1327 2788 1407 2859 etc,

247 2873 312 2936 tibi
340 2873 547 2956 precipimus
574 2871 668 2956 quod
696 2871 731 2935 in
760 2871 898 2955 propria
925 2892 1071 2955 persona
1099 2878 1161 2937 tua
1190 2873 1333 2938 accedas
1362 2874 1408 2938 ad

246 2965 421 3048 prefatum
440 2964 744 3048 archiepiscopum,
764 2969 799 3028 et
817 2964 931 3048 ipsum
950 2984 992 3027 ex
1010 2971 1110 3047 parte
1128 2971 1247 3029 nostra
1264 2985 1409 3030 moneas

247 3063 282 3121 et
304 3056 487 3121 efficaciter
507 3056 651 3120 inducas
672 3056 777 3140 quod,
801 3062 944 3139 accepta
966 3077 986 3120 a
1008 3057 1143 3140 prefato
1166 3057 1218 3121 W.
1243 3057 1408 3122 caucione

246 3148 412 3233 predicta,
443 3149 557 3232 ipsum
586 3169 607 3212 a
635 3148 774 3232 prisona
802 3148 945 3212 mandet
973 3148 1120 3212 liberari.
1167 3149 1226 3226 Et,
1256 3149 1284 3212 si
1313 3149 1408 3214 idem

247 3241 521 3325 archiepiscopus
548 3241 614 3304 hoc
641 3240 676 3303 in
703 3240 878 3324 presencia
906 3247 968 3305 tua
995 3241 1106 3304 iacere
1133 3240 1292 3318 noluerit,
1322 3247 1409 3306 tunc

246 3333 359 3417 ipsum
375 3354 396 3397 a
410 3333 549 3416 prisona
563 3331 729 3416 predicta,
745 3332 774 3395 si
789 3352 829 3396 ea
844 3333 1020 3396 occasione
1036 3339 1070 3396 et
1086 3353 1155 3396 non
1171 3332 1238 3396 alia
1253 3332 1409 3398 detinea-

246 3426 352 3490 turin
367 3425 498 3501 eadem,
514 3423 693 3488 deliberari
708 3424 824 3488 iacias
871 3424 972 3489 Teste
986 3444 1041 3487 me
1055 3424 1130 3508 ipso
1145 3425 1238 3508 apud
1253 3424 1408 3504 Bedalle,

246 3524 311 3582 etc.
358 3518 405 3581 Et
422 3517 515 3600 quia,
533 3517 637 3580 variis
654 3516 802 3600 negociis
819 3515 950 3580 domini
967 3516 1053 3600 regis
1070 3516 1115 3580 ad
1131 3537 1270 3600 presens
1286 3538 1409 3602 prepe-

246 3609 351 3686 ditus,
367 3629 482 3673 coram
498 3608 596 3672 vobis
611 3628 807 3691 comparere
821 3629 891 3671 non
905 3629 1056 3691 possum,
1072 3608 1276 3692 paternitati
1292 3616 1409 3674 vestre

246 3702 329 3766 duxi
353 3699 618 3784 supplicandum
640 3700 806 3784 quatinus
830 3720 870 3764 ea
893 3720 960 3784 que
983 3700 1019 3764 in
1042 3701 1214 3784 premissis
1238 3700 1409 3766 duxeritis

245 3793 413 3869 iacienda,
433 3792 547 3869 michi,
567 3799 682 3857 vestro
700 3792 728 3856 si
746 3791 870 3876 placet,
890 3792 1097 3856 demandare
1115 3792 1239 3856 velitis.
1282 3792 1407 3858 Valeat

244 3885 437 3969 paternitas
457 3890 574 3949 vestra
594 3905 654 3968 per
675 3904 854 3968 prosperos
875 3884 910 3947 in
932 3884 1088 3948 futurum
1110 3904 1294 3948 successus.

289 3992 364 4062 597.
414 3976 549 4041 “Anno
574 3976 686 4061 gracie
712 3976 948 4054 M⁰cc⁰Lxxx0,
985 3976 1125 4040 domino
1151 3997 1213 4060 pro
1239 3976 1408 4041 tribunali

245 4070 396 4146 sedente,
429 4069 522 4153 apud
553 4069 726 4153 Wyltone‚
759 4068 805 4151 vij
840 4068 917 4132 idus
948 4067 1159 4152 Septembris
1192 4067 1298 4151 (Sept.
1332 4069 1405 4152 7).”

245 4162 437 4246 Judgment
450 4161 497 4246 by
510 4161 569 4224 the
583 4160 789 4244 archbishop
801 4160 837 4223 in
851 4181 871 4224 a
884 4180 960 4224 case
973 4160 1128 4225 between
1141 4160 1200 4223 the
1214 4160 1321 4224 abbot
1336 4161 1407 4224 and

245 4259 396 4320 convent
417 4254 453 4318 oi
473 4253 619 4337 Whitby
640 4252 709 4317 and
731 4251 860 4317 Master
880 4252 973 4334 John
995 4252 1037 4315 de
1058 4252 1214 4328 Tocotes‚
1237 4257 1350 4316 rector
1370 4253 1409 4318 of

247 4347 371 4431 Lythe,
388 4346 496 4410 about
525 4346 585 4409 the
614 4345 720 4409 tithes
749 4344 785 4408 oi
813 4344 891 4408 that
920 4344 1046 4427 parish.
1096 4343 1251 4426 (Printed
1280 4343 1315 4407 in
1345 4344 1407 4408 the

247 4437 377 4523 Whitby
401 4437 597 4521 Chartularp
621 4436 772 4520 (Surtees
793 4435 931 4520 Society
952 4440 1081 4518 Lxxn),
1103 4457 1137 4520 p.
1160 4435 1251 4517 626.)

707 4549 804 4599 1From
817 4551 854 4601 io,
871 4551 928 4601 124.
