2994 4996
219 455 286 500 THE
307 455 471 502 REGISTER
492 455 534 503 OF
554 454 766 502 ARCHBISHOP
786 454 935 502 mrum
955 454 1155 503 wrcxwma
1234 450 1273 518 95

119 612 286 698 (Quarum
308 614 344 679 in
366 614 512 700 margin)
536 614 585 700 by
607 635 628 680 a
650 614 784 699 bishop,
807 619 870 679 not
892 613 945 680 his
968 613 1138 692 diocesan,
1160 613 1273 679 which
1358 630 1359 635 ’

118 704 325 771 ratification
340 705 410 772 had
424 707 511 771 been
525 705 603 772 lost.
1404 716 1407 724 '

161 815 235 880 314.
282 797 348 862 Pro
384 804 514 863 rectore
549 797 592 862 de
627 797 845 883 Screngham.
891 796 992 863 Anno
1030 817 1059 863 1.
1106 797 1271 864 Neusum.
1287 822 1366 862 nonu
1379 825 1403 862 to

117 887 182 967 W.,
201 896 279 968 etc,
299 889 338 954 B.
358 889 400 954 de
418 889 526 954 Wake
543 889 701 968 salutern,
720 896 785 955 etc.
832 889 921 975 Quia
938 889 1078 956 ecclesia
1095 889 1138 954 de
1155 888 1274 955 Scren-
1288 866 1434 964 idme,

117 981 209 1059 ham,
227 1001 295 1065 que
312 988 363 1047 est
381 981 424 1046 de
441 981 671 1047 advocacione
687 988 815 1060 vestra,
832 1002 961 1048 vacans
978 989 1030 1048 est
1060 981 1096 1047 in
1113 982 1275 1067 presenti,
1289 973 1420 1074 §mi

116 1091 156 1137 eo
169 1072 264 1156 quod
278 1073 332 1152 R.,
346 1093 450 1157 quern
463 1073 548 1139 alias
559 1073 784 1159 presentastis
797 1072 842 1139 ad
855 1072 1010 1152 eandem,
1024 1074 1115 1139 infra
1126 1074 1277 1157 primum
1289 1072 1425 1173 ¹33&ss

118 1185 247 1230 annum
263 1185 323 1231 sue
339 1164 555 1231 admissionis
570 1165 606 1230 in
622 1165 850 1250 presbiterum
865 1185 935 1230 non
952 1165 1069 1231 extitit
1085 1165 1275 1244 ordinatus,
1290 1176 1406 1263 ”2¹50ss
1429 1166 1433 1173 ’

118 1255 162 1320 ad
193 1257 400 1322 consciencie
430 1263 547 1323 nostre
578 1257 810 1336 securitatem,
841 1256 941 1323 vobis
971 1257 1145 1342 oportebit
1176 1233 1323 1324 vaca·pn
1358 1252 1363 1262 ’

118 1348 250 1413 cionem
267 1349 467 1434 hujusmodi
483 1349 656 1414 nunciare.
702 1349 986 1434 verumptamen,
1004 1349 1087 1434 quia
1103 1350 1139 1415 in
1156 1349 1277 1415 eodem

120 1439 161 1504 R.
190 1440 362 1529 maliciam
388 1441 444 1506 vel
470 1441 765 1525 machinacionern
791 1440 922 1507 fraudis
948 1461 1018 1526 quo
1045 1441 1090 1507 ad
1115 1442 1182 1507 hoc
1207 1462 1277 1507 non

120 1533 318 1617 reperimuS,
350 1552 420 1617 quo
450 1532 650 1618 gaudemus
682 1553 859 1618 speramus
889 1532 984 1618 quod
1014 1533 1050 1598 in
1080 1533 1200 1599 eodem
1232 1533 1275 1599 R.

119 1624 349 1707 presentando
371 1624 564 1709 specialiter
584 1625 705 1690 mereri
726 1625 855 1710 poteris
876 1645 992 1691 coram
1014 1625 1098 1690 Deo.
1144 1626 1192 1691 Et
1213 1646 1276 1691 nos

119 1717 332 1800 presentanti
352 1723 387 1782 et
409 1722 607 1801 presentato
628 1716 794 1802 quioquid
807 1717 892 1798 juris
906 1722 941 1782 et
956 1717 1070 1802 gracie
1088 1717 1277 1802 poterimus
1310 1730 1314 1738 “

120 1808 285 1874 faciemus
305 1808 447 1874 illariter
467 1814 502 1874 et
523 1814 710 1894 gratanter.

162 1914 236 1981 315.
283 1914 411 1981 5non.
441 1899 522 1965 Maii
551 1899 704 1986 (May3,
735 1899 845 1982 1280).
891 1900 1056 1966 Neusum.
1103 1900 1374 1988 W.,etc.,smn21

120 1991 260 2076 Agnetil
296 1991 338 2056 de
372 1992 500 2078 Vescy2
534 1991 693 2071 salutem,
728 1997 793 2058 etc.
840 1992 1029 2058 Ecclesiam
1063 1992 1105 2057 de
1139 1992 1276 2080 Feriby,
1289 1978 1421 2081 wig,

120 2090 235 2149 nostre
252 2083 418 2169 dyocesis,
435 2103 503 2168 que
519 2089 572 2149 est
589 2083 631 2148 de
647 2089 837 2169 patronatu
853 2090 980 2162 vestr0,
998 2084 1087 2150 sicut
1104 2084 1276 2163 asseritur,
1290 2077 1443 2180 {mimi

120 2181 237 2240 tenore
250 2176 464 2260 presencium
476 2175 576 2241 vobis
588 2196 711 2241 vacare
723 2176 938 2254 nunciamus,
952 2181 993 2242 ut
1016 2176 1112 2261 quod
1123 2183 1278 2242 vestrum

123 2273 174 2332 est
189 2268 225 2331 in
239 2267 305 2333 hac
319 2273 418 2352 parte
432 2287 493 2351 per
507 2287 717 2352 consequens
732 2267 955 2352 compleatur.
1003 2267 1096 2333 Bene
1110 2267 1234 2335 valete.

167 2371 239 2452 316.
288 2371 419 2437 Citacio
443 2392 506 2456 pro
532 2371 720 2437 rectoribus
745 2371 845 2456 plura
869 2371 1078 2438 habentibus
1103 2372 1331 2438 ostendisse·
1344 2379 1405 2421 ¹¹⁹⁶-

120 2462 186 2540 W.‚
223 2469 301 2541 etc,
337 2463 587 2541 archidiacono,
622 2463 678 2528 vel
712 2463 787 2548 ejus
820 2463 966 2542 officiali,
1001 2469 1067 2530 etc.
1113 2463 1210 2531 Sicut
1243 2464 1280 2530 in

119 2556 271 2621 humano
299 2575 438 2640 corpore
464 2555 698 2620 membrorum
725 2554 917 2634 diversitas,
945 2575 1007 2641 per
1033 2554 1145 2622 officia
1170 2556 1278 2635 varia,
1292 2530 1432 2624 mim

120 2653 246 2712 natura
260 2647 463 2724 mediante}
479 2646 676 2725 distributa,
692 2647 797 2713 robur
810 2647 917 2732 ipsius
932 2647 1082 2732 corporis
1097 2654 1279 2715 conservat
1291 2630 1436 2724 diff„

121 2745 156 2803 et
175 2738 441 2824 pulcritudinem
460 2744 684 2823 representat,
704 2739 755 2804 ita
772 2739 809 2803 in
827 2759 967 2825 corpore
986 2739 1123 2805 ecclesie
1142 2760 1279 2825 person·
1291 2742 1413 2824 wa„

120 2851 218 2895 arum
235 2830 395 2909 varietas,
408 2851 470 2915 per
481 2830 616 2896 diversa
633 2849 747 2896 rerum
764 2830 886 2910 officia,
904 2851 1035 2897 canone
1052 2832 1278 2917 approbante,
1291 2832 1373 2925 iffi·

121 2922 306 3000 destinata,
324 2928 442 2988 sancte
464 2922 529 2987 Dei
539 2921 676 2988 ecclesie
692 2921 932 2988 fortitudinem
949 2924 1089 2990 roborat
1105 2930 1141 2990 et
1156 2943 1280 2990 venus·
1291 2933 1415 3026 bolffl

121 3019 231 3078 tatem
252 3020 397 3079 exornat
412 3037 420 3089 ;
452 3014 501 3080 sic
519 3014 611 3078 enim
630 3021 735 3099 caput
754 3020 1075 3100 quantumcumque
1093 3014 1280 3101 principale
1292 2994 1443 3084 mmm,

120 3105 313 3171 membrum
330 3106 457 3171 existat
476 3106 606 3191 absque
623 3111 815 3171 ceterorum
831 3104 1050 3185 adminiculo,
1068 3107 1114 3173 ad
1129 3107 1279 3193 regimen
1292 3085 1401 3187 m.

121 3197 232 3263 tocius
264 3197 415 3282 corporis
446 3217 517 3262 non
549 3197 686 3276 sufficit,
719 3197 770 3264 ita
801 3217 865 3264 nec
896 3198 1087 3284 episcopus,
1119 3199 1280 3284 quamvis
1292 3182 1437 3279 “fflfffl

121 3289 258 3354 ecclesie
281 3295 398 3374 caput,
422 3290 552 3373 absque
575 3289 774 3356 inferiorum
796 3289 1032 3357 ministrorum
1054 3290 1166 3357 officio
1188 3308 1279 3357 com-

121 3381 260 3447 missam
277 3381 342 3446 sibi
358 3381 545 3466 duocesym
561 3387 674 3447 totam
690 3401 752 3466 per
766 3401 802 3447 se
818 3401 932 3468 regere
947 3380 1092 3468 nequid⁵
1109 3405 1117 3461 ;
1134 3382 1280 3468 ideoque

121 3493 181 3556 per
205 3472 356 3558 singulas
380 3473 561 3558 parochias
585 3472 779 3558 provisione
804 3472 933 3539 salubri
957 3473 1108 3561 singulos
1133 3480 1280 3541 rectores

120 3565 256 3630 institui
282 3584 457 3630 sacrorum
484 3585 656 3630 canonum
693 3564 809 3631 sanxit
847 3565 1047 3644 auctoritas,
1074 3566 1135 3652 qui
1161 3586 1280 3633 curam

120 3656 314 3722 animarum
334 3656 399 3722 sub
420 3656 581 3741 episcopo
602 3656 789 3722 inmediate
810 3676 984 3722 excercere
1005 3657 1166 3737 debeant,
1187 3664 1224 3724 et
1243 3658 1280 3723 in

121 3748 278 3813 examine
293 3747 441 3814 districti
455 3747 499 3813 de
513 3747 642 3813 eisdem
656 3747 775 3834 judicii
790 3748 1004 3833 respondere.
1050 3748 1148 3828 Cum,
1164 3749 1279 3836 igitur,

121 3835 440 3929 pleriquezdiocesis
461 3846 578 3906 nostre
601 3839 724 3919 clerici,
747 3838 869 3906 ardore
891 3840 1093 3926 cupiditatis
1115 3841 1279 3920 succensi,

121 3931 212 3996 farne
240 3951 300 3998 sue
330 3931 474 3997 seculari
500 3952 571 3997 non
595 3937 754 3998 curantes
781 3931 957 3998 consulere
983 3951 1048 3999 nec
1073 3931 1190 4012 saluti,
1217 3953 1281 3999 nec

122 4023 314 4089 animarum
348 4043 488 4090 suarum
521 4023 710 4108 periculum
743 4023 916 4090 ullatenus
940 4023 1172 4100 attendentes,
1197 4024 1282 4091 dum

122 4115 402 4181 insufficienciam
422 4135 521 4182 suam
542 4135 612 4181 non
633 4115 827 4201 dijudicant
847 4115 904 4181 vel
923 4136 1011 4202 eque
1031 4115 1225 4203 ponderant
1245 4117 1282 4182 in

120 4212 261 4283 statera,
292 4206 442 4292 plurium
472 4207 712 4293 parochiarum
741 4227 871 4286 curam,
902 4228 982 4274 cum
1010 4207 1072 4275 vix
1101 4207 1147 4274 ad
1176 4208 1280 4275 unius

158 4345 312 4412 1Angneti.
350 4347 399 4396 Fo.
416 4346 473 4396 119.
657 4338 660 4345 ’
736 4346 832 4397 ³Note
841 4355 872 4397 at
881 4345 1042 4403 side:Nota
1050 4360 1103 4414 pro
1110 4347 1279 4415 pluralitate.

160 4412 197 4445 ²⁸¹
208 4413 328 4463 Domine
346 4415 379 4462 Α.
394 4415 428 4463 de
443 4413 569 4479 Wescy''
589 4413 619 4463 in
631 4414 678 4465 the
737 4413 928 4465 ‘Moderante
965 4414 1014 4466 Fo.
1032 4413 1109 4465 ned.

125 4479 239 4543 margin.
738 4480 872 4546 'Nequit
909 4479 982 4532 ibid
