2994 4996
230 477 289 540 150
343 478 410 524 THE
432 479 595 526 REGISTER
616 478 658 525 OF
679 479 890 526 ARCHBISHOP
910 479 1058 526 WILLIAM
1079 479 1281 527 WICKWANE.

65 638 185 728 mm
228 646 317 711 sicut
341 647 481 730 expedit
505 647 599 711 omni
622 668 715 722 casu,
739 647 833 730 quod
857 654 1013 732 receptor
1036 648 1190 731 pecunie,
1210 647 1271 731 qui
1294 647 1390 712 solus

65 750 144 828 3332?
229 738 360 822 recipit,
377 746 569 804 contestem
583 739 712 804 habeat
723 746 757 804 et
771 740 977 823 adjunctum
991 739 1051 823 qui
1066 760 1182 804 coram
1197 740 1389 805 senioribus

230 831 401 895 racionem
418 831 564 896 reddant
581 837 615 895 et
632 852 779 915 congrue
795 837 998 915 computent
1013 831 1066 896 bis
1081 832 1117 895 in
1133 852 1234 895 anno
1282 832 1387 907 Item,

66 937 216 1026 Noqneqbe
231 922 436 1006 precipimus
462 923 556 1006 quod
582 922 696 987 nullus
723 923 882 1006 deinceps
908 923 950 987 de
977 923 1154 1007 parentela
1180 923 1389 1007 cujusquam

66 993 208 1088 loltffiussff
231 1020 382 1096 ponatur
406 1015 441 1078 in
467 1015 595 1091 officiiS,
615 1014 680 1078 nisi
697 1015 771 1098 ejus
796 1015 966 1079 industria
991 1021 1025 1078 et
1051 1015 1228 1079 fidelitatis
1252 1014 1389 1079 utilitas

232 1112 362 1170 ceteros
393 1105 601 1182 antecelletl,
633 1112 668 1170 et
698 1106 792 1189 quod
823 1127 965 1171 onerosa
995 1106 1213 1190 superfluitas
1244 1127 1390 1171 consan-

231 1197 432 1281 guineorum
458 1198 662 1282 cujusquam
688 1197 777 1262 infra
802 1205 881 1263 octo
907 1199 978 1262 dies
1004 1205 1208 1263 amoveatur
1232 1199 1391 1263 totaliter

66 1291 194 1382 {3353}ssss
231 1309 292 1372 per
314 1290 470 1373 priorem.
518 1290 619 1366 Item,
645 1290 857 1354 decernimus
879 1290 973 1373 quod
996 1290 1204 1373 quicumque
1226 1291 1390 1355 habitum

68 1392 123 1432 their
150 1443 154 1452 ,
231 1387 327 1460 gerat
344 1381 447 1465 hujus
464 1381 663 1445 monasterii
679 1402 846 1465 suamque
873 1381 1119 1465 professionem
1135 1382 1253 1446 fecerit
1269 1383 1305 1447 in
1322 1382 1391 1446 hoc

67 1444 185 1492 profession
238 1458 246 1464 ·

66 1493 211 1552 heretoobey
230 1472 315 1548 loc0,
345 1479 426 1536 sunt
454 1473 518 1537 sub
547 1473 711 1537 canonica
738 1473 937 1538 obediencia
970 1474 1091 1557 prioris
1130 1474 1182 1538 sui
1219 1473 1391 1558 quamdiu

67 1543 178 1684 {alipii}
231 1564 323 1646 prior
352 1564 388 1627 in
419 1564 718 1629 administracione
749 1565 950 1642 tolleratur3
1011 1566 1110 1649 cujus
1140 1565 1390 1630 conscienciam

75 1655 102 1682 00
160 1654 183 1682 el*

69 1694 135 1734 ,hm
232 1676 412 1720 oneramus
434 1676 549 1720 coram
571 1657 655 1733 Deo,
678 1663 717 1721 ut
739 1677 876 1720 ornnem
898 1663 1072 1740 torporem
1093 1664 1128 1722 et
1150 1657 1391 1741 accepcionem

232 1767 454 1830 personarum
471 1748 598 1812 abiciat
614 1754 649 1812 et
665 1749 800 1812 deserat
816 1769 895 1832 erga
910 1769 1056 1833 gregem,
1073 1755 1113 1813 ut
1128 1749 1164 1812 in
1179 1749 1246 1812 tine
1261 1768 1391 1814 merce-

68 1843 192 1934 }Jgeessgavg
233 1839 311 1902 dem
331 1839 523 1904 eternitatis
544 1839 685 1924 recipiat
706 1841 748 1904 de
767 1840 893 1903 labore.
941 1841 1120 1918 Promissa,
1141 1841 1255 1925 igitur,
1276 1841 1391 1924 primo

69 1943 219 2034 qefirpdav
232 1930 287 1994 die
310 1931 493 2015 cujuslibet
516 1932 642 1996 mensis
665 1931 700 1995 in
724 1931 825 2015 pleno
848 1938 1032 2009 conventu,
1048 1932 1113 1996 sub
1136 1953 1226 2016 pena
1248 1952 1391 2016 suspen-

68 2006 152 2084 taff.
232 2022 335 2086 sionis
367 2022 550 2106 cujuslibet
582 2023 683 2087 officii
725 2043 794 2107 quo
826 2023 871 2087 ad
901 2025 1090 2089 secundum
1121 2025 1391 2108 subsequentem

234 2114 335 2191 diem,
357 2115 534 2179 evidenter
554 2121 588 2178 et
609 2115 743 2199 publice
764 2115 959 2180 recitentur.
1007 2116 1139 2180 Datum
1160 2121 1195 2180 et
1216 2123 1333 2181 actum
1353 2115 1391 2180 in

233 2206 385 2289 capitulo
405 2208 447 2271 de
469 2207 666 2284 Kertemel’,
689 2207 743 2270 die
762 2213 797 2271 et
818 2228 908 2271 anno
928 2207 1144 2291 supradictis

68 2295 218 2435 ξῗῗυῗὲἷὲεᾱ
275 2351 349 2417 441.
368 2336 409 2400 In
416 2336 480 2400 Dei
490 2336 638 2413 nomine,
651 2335 771 2400 Amen.
786 2335 1147 2414 N05,Willelmus,Die
1157 2336 1271 2422 gracia
1283 2338 1389 2402 Ebor.

86 2407 150 2445 ‘my'
232 2427 517 2512 archiepiscopus
538 2434 615 2504 etc,
636 2427 834 2492 ordinamus
860 2434 895 2491 et
911 2428 1117 2511 precipimus
1143 2429 1236 2512 quod
1262 2429 1297 2494 in
1323 2430 1392 2494 hoc

67 2545 149 2586 suana
160 2545 219 2585 aba
233 2519 402 2603 religionis
419 2521 532 2585 ortulo
543 2520 585 2584 de
596 2518 891 2604 connigesheued2
903 2519 1049 2584 salubris
1065 2521 1232 2585 sanctitas
1248 2520 1390 2598 silencii,

68 2595 178 2636 οδω·
232 2611 421 2675 secundum
453 2612 547 2696 quod
578 2611 732 2695 exposcit
759 2611 920 2695 regularis
947 2611 1102 2689 tradici0,
1131 2612 1290 2696 deinceps
1316 2613 1391 2677 sine

68 2748 155 2789 Novi,
232 2722 450 2786 quocumque
472 2710 609 2787 torpore
630 2703 756 2767 ficticio
777 2702 922 2767 firmiter
942 2703 1153 2768 observetur.
1201 2703 1390 2783 Adicimus,

105 2802 212 2889 adffiigssed
233 2794 352 2871 eciam,
382 2795 572 2860 districcius
600 2795 796 2871 inhibend0,
834 2814 877 2857 ne
905 2794 1076 2878 deinceps,
1105 2796 1193 2860 sicut
1221 2796 1392 2860 hactenus

214 2877 305 2948 'fieri
323 2887 512 2964 consuevit,
532 2887 616 2951 viles
634 2893 669 2950 et
686 2885 802 2969 inepte
820 2906 963 2970 persone
980 2886 1015 2950 in
1033 2887 1250 2952 refectorium
1269 2893 1304 2952 et
1322 2886 1392 2952 alia

232 2977 307 3040 loca
352 2985 483 3042 secreta
527 2978 726 3042 monasterii
772 2977 990 3060 aliquatenus
1035 2978 1277 3056 admittantur,
1325 2979 1392 3044 nisi

68 3100 114 3140 nu
126 3103 220 3139 statuta
233 3069 417 3134 familiares
435 3070 562 3134 fuerint
580 3077 615 3134 et
632 3069 749 3154 jurati,
762 3069 942 3152 dequibus
955 3069 1058 3134 fuerit
1076 3071 1199 3135 merito
1218 3071 1391 3136 confiden-

68 3150 210 3241 ‘,',¹,},l,²⁰‘⁶⁸¹
234 3160 327 3224 dum.
376 3162 476 3239 item,
510 3162 592 3246 quia
624 3168 759 3226 statuta
791 3161 963 3225 ordinaria
994 3168 1111 3245 spreta
1142 3183 1322 3246 perperam
1354 3168 1392 3227 et

69 3249 180 3299 ‘'W'’
234 3252 389 3336 neglecta
416 3253 595 3318 interitum
623 3259 809 3337 preparant
838 3259 872 3317 et
901 3253 1046 3330 ruinam,
1077 3253 1287 3338 injungimus
1315 3255 1392 3318 vice

69 3312 93 3340 so
103 3303 139 3342 the
149 3300 220 3339 strict-

68 3351 211 3451 ffiffie
234 3344 298 3407 Dei
330 3345 424 3429 quod
456 3346 523 3410 ista
555 3352 589 3410 et
621 3352 734 3410 cetera
766 3344 938 3408 ordinaria
969 3345 1120 3409 salubria
1151 3352 1286 3410 statuta
1317 3346 1392 3431 jugi

69 3452 142 3492 some.
234 3436 454 3514 observancie
490 3444 525 3501 et
561 3437 698 3501 effectui
734 3437 1028 3514 commendentur,
1066 3443 1105 3501 ut
1142 3458 1202 3521 per
1237 3437 1392 3521 ipsorum

233 3528 393 3592 votivum
434 3529 631 3612 amplexum
672 3529 762 3612 rigor
804 3528 976 3612 regularis,
1009 3528 1168 3612 primitus
1201 3551 1222 3593 a
1261 3529 1392 3594 sanctis

233 3619 390 3702 patribus
410 3621 627 3698 adinventuS,
653 3620 776 3685 clarius
800 3626 835 3684 et
859 3620 992 3685 facilius
1016 3626 1248 3704 supportetur.
1287 3621 1392 3700 Item,

69 3703 221 3796 {isbffgffliffl
233 3712 454 3794 prohibemus
480 3713 600 3776 intime
626 3719 660 3776 et
686 3712 851 3788 districte,
878 3731 921 3775 ne
946 3712 1071 3775 amodo
1098 3712 1213 3796 aliqua
1239 3713 1394 3777 corredia

69 3807 188 3858 θωμὸν
234 3802 508 3888 quibuscumque
546 3804 753 3880 vendantur,
792 3803 857 3868 nisi
896 3803 940 3867 ab
979 3803 1161 3880 ordinario,
1201 3805 1299 3889 cujus
1338 3811 1392 3869 est

68 3855 136 3895 ω’
235 3915 374 3959 causam
401 3896 613 3960 vendicionis
650 3892 809 3979 primitus
846 3895 1025 3972 discutere,
1063 3895 1138 3979 ipsa
1174 3896 1222 3959 rei
1258 3895 1393 3961 utilitas

69 4006 115 4047 ‘ne
124 4008 203 4067 muto
234 3986 393 4069 primitus
407 3988 658 4071 comprobetur.
706 3987 883 4064 Volumus,
898 3987 1016 4064 eciam,
1031 3993 1066 4050 et
1079 3988 1284 4071 precipimus
1297 3989 1394 4071 quod

69 4057 200 4149 lislssi‘ellly
235 4079 361 4162 regula,
394 4080 504 4143 ordini
534 4086 650 4143 vestro
680 4101 701 4143 a
731 4079 858 4143 sanctis
888 4078 1046 4162 patribus
1076 4079 1255 4162 deputata,
1287 4080 1394 4143 velud

236 4171 404 4254 regulares
418 4178 453 4236 et
467 4171 531 4235 rite
544 4171 712 4247 viventes,
727 4191 806 4235 cum
820 4170 912 4233 omni
927 4170 1037 4234 cordis
1051 4176 1086 4234 et
1100 4191 1250 4255 congruo
1263 4171 1392 4250 studi0,

235 4261 300 4325 Dei
314 4263 504 4346 adjuvante
517 4263 689 4347 suffragiu,
705 4263 915 4338 observetur,
931 4262 981 4325 ita
993 4263 1088 4345 quod
1100 4262 1163 4326 hec
1176 4263 1211 4326 in
1224 4262 1394 4347 principio

235 4354 418 4437 cujuslibet
454 4355 579 4419 mensis
615 4355 650 4418 in
685 4354 837 4440 capitulo
872 4360 987 4418 vestro
1022 4353 1158 4438 publice
1193 4355 1392 4420 recitentur.

365 4506 551 4557 ¹Antecellat.
587 4506 635 4555 Fo.
653 4505 712 4557 138.
863 4504 1098 4569 ²Conigesheued.
1133 4506 1182 4557 Fo.
1199 4505 1257 4556 138.
