2994 4996
246 521 312 565 THE
335 520 498 567 REGISTER
519 521 561 567 01²
582 520 794 566 ARCHBISHOP
814 517 962 565 WILLIAM
983 514 1184 564 wlcxwans.
1233 514 1293 576 311

137 677 361 761 inpetuosius‚
385 679 479 763 quod
501 678 708 744 horribiliter
729 677 944 755 inchoarant,
967 683 1137 760 tanquam
1159 672 1295 758 aspides

137 769 248 848 surde,
268 771 491 837 obscurantes
509 791 607 836 aures
624 792 715 849 suas
733 769 884 855 maligno
901 767 1105 835 continuato
1122 785 1293 852 processu,

138 862 173 926 in
197 863 261 926 Dei
283 869 318 928 et
341 864 447 948 ipsius
470 863 715 948 archiepiscopi
737 861 949 947 vituperium
970 881 1041 927 non
1054 860 1237 926 modicum
1259 864 1295 924 et

137 962 388 1040 contemptum,
419 957 454 1021 in
485 962 626 1022 tantum
656 954 878 1041 pertinaciter
907 954 1087 1039 persistere
1116 972 1294 1038 presump-

138 1055 266 1125 serunt,
294 1048 388 1132 quod
426 1048 517 1114 idern
558 1049 833 1133 archiepiscopus
870 1046 906 1111 in
944 1044 1084 1112 ecclesia
1121 1044 1197 1130 ipsa
1233 1064 1294 1109 sue

137 1140 382 1243 predicacionis
398 1140 547 1206 officium
564 1140 725 1226 prosequi
741 1146 802 1205 aut
822 1139 944 1224 exequi
960 1159 1030 1204 non
1047 1137 1170 1216 valuit,
1187 1136 1294 1201 immo

137 1232 255 1315 pocius
277 1232 360 1297 illud
383 1232 535 1297 deserere
557 1239 609 1298 est
631 1238 782 1310 coactus
805 1237 947 1316 propter
967 1230 1062 1317 quod
1082 1234 1306 1303 memoratus

137 1324 411 1408 archiepiscopus
432 1325 515 1409 quia
537 1324 648 1390 clerici
670 1331 704 1390 et
725 1323 814 1402 laici,
838 1344 878 1389 ac
898 1322 1105 1389 universitas
1125 1321 1340 1420 predicta,Fo

136 1436 238 1500 super
252 1417 317 1481 hoe
331 1417 455 1481 moniti
469 1416 659 1503 diligenter,
674 1417 871 1483 satisfacere
885 1413 1135 1481 contumaciter
1148 1379 1325 1500 denega-

137 1515 228 1585 runt,
253 1529 332 1573 curn
355 1508 459 1573 nichil
483 1509 689 1574 racionabile
712 1513 943 1594 proponerent
965 1527 1072 1592 quare
1094 1506 1160 1572 hoc
1182 1506 1294 1571 facere

136 1621 206 1665 non
229 1600 403 1679 deberent,
427 1607 462 1666 et
484 1601 520 1666 id
543 1607 631 1667 esset
653 1600 704 1666 ita
725 1600 900 1665 notorium
922 1599 1016 1685 quod
1037 1597 1133 1665 nulla
1153 1603 1293 1683 poterat

137 1693 420 1776 tergiversacione
432 1693 544 1771 celari,
555 1693 591 1758 in
603 1693 741 1758 clericos
754 1692 894 1757 etlaicos
903 1691 1076 1776 predictos
1085 1689 1294 1757 auctoritate

136 1784 308 1850 ordinaria
325 1785 691 1850 excommunicacionis
715 1785 751 1849 in
768 1783 888 1850 villam
909 1784 1021 1869 ipsam
1037 1785 1102 1866 [et]
1119 1781 1295 1848 interdicti

136 1877 327 1942 sentencias
354 1876 608 1962 promulgavit3
633 1897 740 1961 quare
764 1876 877 1942 dictus
901 1875 1175 1961 archiepiscopus
1194 1874 1295 1941 nobis

137 1968 313 2034 humiliter
329 1969 548 2053 supplicavit,
567 1975 607 2034 ut
624 1968 823 2054 hujusmodi
839 1967 1031 2033 sentencias
1047 1967 1153 2033 robur
1168 1967 1295 2044 facere·

136 2081 214 2124 mus
227 2060 402 2126 firmitatis
416 2061 573 2125 debiturn
588 2061 752 2145 optinere.
787 2059 954 2145 Quocirca
968 2058 1167 2126 discrecioni
1181 2064 1295 2124 vestre

138 2173 198 2236 per
217 2152 406 2236 apostolica
425 2153 554 2237 scripta
572 2152 779 2218 mandamus
797 2151 962 2237 quatinus
981 2151 1173 2218 sentencias
1191 2151 1294 2236 ipsas,

138 2245 227 2308 sicut
253 2245 507 2310 racionabiliter
531 2251 613 2310 sunt
639 2244 784 2330 prolate,
811 2244 917 2310 facias
943 2240 1152 2311 auctoritate
1176 2250 1297 2310 nostra

137 2357 245 2421 usque
273 2337 318 2401 ad
345 2337 619 2403 satisfaccionem
645 2337 862 2423 condignam,
890 2336 1124 2422 appellacione
1150 2344 1294 2416 remota,

137 2429 381 2494 inviolabiliter
396 2430 580 2495 observari.
628 2429 729 2515 Quod
744 2429 773 2495 si
787 2450 858 2495 non
873 2449 992 2495 omnes
1007 2429 1073 2495 hiis
1087 2429 1296 2514 exequendis

138 2522 319 2605 potueritis
330 2523 503 2600 interesse,
517 2522 586 2587 duo
597 2528 752 2587 vestrum
764 2542 804 2587 ea
814 2521 1057 2588 nichilominus
1066 2526 1294 2607 exequantur.

182 2629 256 2697 745.
304 2633 323 2679 2
352 2614 430 2679 idus
458 2613 553 2698 Julii,
583 2635 673 2679 anno
702 2629 734 2696 5,
754 2613 851 2700 (July
881 2632 933 2698 14,
964 2608 1086 2698 1284).'
1119 2612 1294 2700 Wyltone.

123 2742 125 2747 ·
142 2705 161 2731 “
176 2705 319 2770 Custodi
332 2706 470 2771 ecclesie
485 2706 527 2771 de
541 2705 765 2791 Scardeburg'
780 2705 875 2792 quod
888 2706 961 2791 ipse
975 2705 1143 2772 admittat
1156 2706 1295 2772 Fratres

139 2796 183 2861 ad
199 2797 481 2881 predicandum.”
529 2798 693 2863 Mandate
709 2804 747 2863 to
762 2799 822 2863 the
837 2804 993 2883 proctors
1008 2799 1045 2864 of
1059 2799 1120 2864 the
1135 2796 1243 2864 abbot
1259 2799 1297 2865 of

138 2889 293 2967 Citeaux‚
317 2889 466 2976 residing
487 2891 523 2954 in
545 2890 605 2955 the
628 2891 755 2956 church
778 2891 815 2956 of
835 2890 1084 2977 Scarborough‚
1108 2896 1147 2957 to
1168 2889 1295 2977 permit

138 2983 197 3046 the
223 2981 337 3047 Friars
364 2983 492 3048 Minors
518 2989 556 3048 to
582 2983 742 3067 preach
733 3003 769 3047 11
796 2983 875 3049 that
901 2981 1028 3068 parish.
1076 2982 1233 3066 (Printed
1258 2982 1295 3049 in

136 3074 207 3138 1111
183 3081 257 3138 11111
273 3075 359 3156 from
375 3073 461 3138 Nort
461 3074 541 3140 111111
557 3075 731 3160 Regislers,
749 3092 802 3161 79.
807 3077 834 3159 )1

180 3165 254 3250 746.
274 3166 476 3231 Ratrficac1o
487 3165 791 3252 1ndulgenc1arum
813 3165 990 3232 Universis
999 3165 1127 3234 Christi
1135 3166 1294 3235 fidelibus
1307 3176 1454 3281 iffi*

135 3263 256 3342 pateat
294 3279 355 3342 per
394 3264 569 3343 presentes
606 3258 701 3344 quod
738 3278 812 3337 nos,
851 3257 918 3337 W,
942 3258 1174 3348 permissione,
1214 3265 1293 3340 e.tc,
1307 3288 1370 3321 m

137 3349 370 3434 indulgencias
409 3370 587 3416 concessas
625 3371 647 3415 a
684 3348 938 3416 venerabilibus
975 3351 1145 3436 patribus,
1184 3351 1294 3419 Acero
1284 3311 1440 3433 run-ll

136 3442 352 3520 Wexonensi,
374 3449 409 3507 et
430 3442 673 3507 Bartholomeo
693 3440 925 3520 Gaietanensi,
945 3443 1124 3529 episcopis,
1144 3463 1293 3529 quorum
1307 3428 1437 3525 ΗΜ

135 3534 280 3618 quilibet
318 3534 549 3620 quadraginta
587 3534 659 3600 dies
696 3534 795 3599 venie
831 3533 977 3620 largitur
1012 3534 1193 3602 orantibus
1229 3556 1293 3622 pro

137 3627 252 3691 anima
285 3626 465 3710 johannis,
500 3626 584 3691 dicti
618 3626 797 3705 Puterelle,
831 3625 961 3706 Avicie,
994 3626 1112 3694 uxoris
1143 3647 1215 3706 sue,
1249 3628 1292 3696 de

136 3718 330 3796 Sledemer„
356 3739 504 3803 quorum
541 3739 684 3803 corpora
719 3718 937 3804 requiescunt
973 3718 1010 3785 in
1044 3719 1213 3793 cimiterio
1248 3720 1292 3787 de

136 3810 317 3888 Sledemer‚
341 3832 381 3875 ac
401 3831 464 3895 pro
485 3810 667 3876 aniniabus
687 3810 843 3876 omnium
863 3810 1016 3878 fidelium
1037 3810 1291 3892 defunctorum,

134 3903 223 3967 sicut
240 3908 399 3986 patentes
415 3903 529 3968 littere
546 3903 779 3988 predictorum
794 3907 947 3989 patrum,
963 3922 1052 3988 quas
1067 3902 1290 3990 inspeximus,

132 3994 314 4077 perhibent
345 4002 379 4060 et
410 4001 595 4073 testantur,
627 3995 849 4072 ratificamus,
880 3999 928 4073 et,
949 4000 1123 4081 quantum
1152 3994 1200 4062 ad
1227 4016 1291 4064 nos

135 4086 273 4164 attinet,
289 4093 329 4152 ut
343 4086 491 4153 subditis
505 4093 541 4152 et
554 4086 771 4173 parochianis
783 4085 911 4153 nostris
924 4086 1118 4175 proficiant,
1133 4094 1291 4175 accepta·

133 4198 210 4242 mus
227 4184 344 4244 tenore
359 4179 583 4264 presencium,
600 4199 687 4264 quas
703 4178 803 4265 sigilli
817 4178 928 4245 nostri
941 4178 1133 4247 munimine
1147 4179 1291 4247 fecimus

134 4269 298 4336 roborari.
345 4272 426 4336 Dat.
459 4270 554 4355 apud
582 4271 756 4357 Wyltone,
787 4276 853 4337 etc.

169 4437 215 4486 ¹L
216 4451 250 4485 ne
271 4437 288 4487 6
309 4439 380 4487 from
407 4439 455 4487 the
478 4438 590 4487 bottom
615 4435 688 4487 aiter
741 4437 899 4487 “iteratum
912 4435 1062 4487 clamorem
1081 4436 1163 4489 nobis
1176 4436 1291 4487 minime

137 4505 298 4570 “siquidem
311 4505 373 4555 ad”
394 4506 471 4555 there
489 4504 687 4554 isinsertedin
738 4502 958 4571 representsnt.”

133 4572 305 4636 theoriginal
315 4570 686 4636 Registeranduuderlined,

10 4858 16 4879 ι
213 4848 235 4861 ·.

273 4904 300 4941 't
