2994 4996
166 457 169 462 “
274 472 340 517 rna
362 473 526 519 nacrsrrn
546 473 588 519 or
611 472 823 520 nncnarsnoe
843 473 991 520 wnnnn
1012 472 1212 520 wrcrrwana.
1262 457 1321 536 285

166 633 350 699 altitudine
379 632 516 718 superni
545 632 677 698 consilii
706 632 937 718 dispensante,
966 638 1008 699 ut
1036 633 1175 700 ecclesie
1203 639 1322 700 sancte

166 732 317 810 preesset
330 732 364 791 et
377 725 554 810 prodesset
572 724 730 791 fidelibus
748 726 793 790 ad
810 724 978 804 salutem;
997 725 1053 792 cui
1069 746 1132 792 nos
1149 730 1185 791 et
1203 731 1323 793 nostra

166 824 361 882 reverenter
375 817 562 882 subicimus
577 822 611 881 et
626 816 812 895 humiliter,
828 817 917 883 sicut
932 816 1097 883 valemus.
1144 817 1231 883 Cum
1245 823 1323 884 tota

166 909 352 974 devocione
394 909 439 973 ad
480 908 633 992 quelibet
675 904 840 994 obsequia
880 909 1096 994 gratulanter
1135 908 1321 988 offerimus

166 1001 378 1066 serenissime
405 1006 505 1085 pater
531 1021 572 1065 ac
599 1000 747 1079 domine,
775 1021 878 1086 super
904 1021 944 1066 eo
970 1000 1065 1087 quod
1091 999 1155 1066 tali
1181 1000 1261 1066 exili
1287 1007 1323 1067 et

166 1093 388 1157 sensorisum1
425 1091 606 1157 clemencie
642 1098 757 1157 vestre
792 1112 1006 1178 quamquam
1041 1092 1214 1158 immerito
1248 1098 1323 1159 tam

166 1184 381 1249 familiariter
401 1183 530 1268 aperire
550 1182 684 1268 dignati
703 1183 796 1262 estis,
813 1184 915 1249 sicuti
930 1205 973 1248 ex
991 1204 1048 1249 ore
1063 1183 1244 1270 prudentis
1259 1184 1325 1250 viri

168 1275 200 1359 J.
223 1277 265 1340 de
286 1277 554 1362 Lythegreynes,
575 1276 750 1341 senescalli
770 1276 888 1354 vestri,
908 1276 1008 1342 nobis
1027 1297 1071 1341 ex
1089 1282 1189 1363 parte
1208 1282 1326 1343 vestra

168 1369 274 1433 animi
294 1369 400 1433 vestri
420 1368 637 1453 beneplacita
656 1388 767 1452 nuper
786 1369 963 1434 referentis
983 1376 1018 1435 et
1037 1368 1172 1436 litteras
1191 1374 1326 1435 vestras

167 1462 362 1538 deferentis,
381 1461 528 1526 dilucide
546 1461 750 1545 accepimus
768 1461 1023 1548 magnificencie
1039 1468 1154 1528 vestre
1170 1461 1325 1528 domina-

166 1554 282 1631 cionis
306 1575 393 1638 quas
414 1559 530 1618 nostre
552 1553 737 1638 parvitatis
754 1553 889 1619 obtinet
910 1553 1120 1639 possibilitas
1141 1560 1266 1640 grates
1289 1560 1325 1620 et

166 1646 358 1730 graciarum
385 1645 540 1710 acciones
565 1645 663 1710 flexis
687 1645 832 1730 genibus
857 1646 1035 1712 referimus
1060 1645 1325 1724 devotissirnas;

166 1738 334 1802 mandato
348 1743 475 1815 vestro,
491 1737 598 1802 immo
612 1737 773 1803 omnibus
787 1737 958 1824 preceptis
972 1737 1106 1817 vestris
1121 1737 1216 1804 nulla
1230 1743 1325 1805 etate

167 1829 264 1894 senili
291 1850 351 1894 seu
379 1828 529 1914 corporis
556 1828 793 1895 imbecillitate
820 1850 883 1896 nos
910 1836 1107 1908 excusante,
1135 1850 1199 1916 pro
1225 1850 1325 1916 posse

167 1923 281 2007 parati
306 1942 440 2006 semper
463 1941 582 2006 parere
607 1942 686 1986 curn
710 1922 996 2007 promptitudinis
1019 1922 1167 1988 officiose
1191 1922 1325 2008 perpeti

167 2015 349 2079 famulatu.
397 2013 582 2079 Conservet
605 2013 803 2080 Altissimus
825 2013 1076 2100 preoptabilem
1098 2014 1326 2080 beatutidinis

167 2112 281 2171 vestre
292 2106 496 2191 sospitatem
508 2105 646 2171 ecclesie
656 2126 717 2172 sue
728 2106 942 2192 temporibus
952 2105 1115 2173 diuturne
1130 2105 1325 2173 duracionis

168 2199 203 2263 in
223 2198 358 2264 Christo
377 2197 471 2281 Jesu.

212 2317 286 2388 715.
333 2302 528 2368 Venerabili
545 2302 582 2367 in
600 2301 736 2369 Christo
754 2301 857 2389 patri,
877 2308 956 2382 etc,
975 2302 1123 2370 salutem
1142 2308 1177 2369 et
1195 2302 1324 2369 sincere
1338 2346 1445 2390 Lm

168 2395 323 2460 caritatis
337 2395 372 2459 in
386 2395 535 2460 Domino
549 2395 753 2461 continuum
766 2395 1026 2462 incrementum.
1072 2394 1174 2480 Quod
1186 2394 1325 2461 ecclesie
1337 2398 1464 2500 ggguffigg‘

168 2509 228 2552 sue
246 2487 454 2552 Eboracensi
472 2486 576 2565 Deus,
596 2508 639 2551 ex
657 2485 729 2552 alto
746 2487 966 2573 prospiciens,
985 2486 1028 2552 de
1044 2506 1191 2572 persona
1207 2492 1325 2553 vestra
1337 2498 1485 2591 mill,

168 2581 331 2665 dignatus
346 2584 398 2643 est
414 2578 596 2644 salubriter
610 2578 800 2683 providere,
816 2579 878 2644 leti
892 2578 1081 2645 efficimur
1071 2598 1107 2644 rn
1123 2578 1273 2645 Domino
1288 2584 1324 2644 et
1347 2602 1402 2641 aar

168 2671 368 2757 gaudentes,
387 2671 554 2754 vobisque
572 2690 615 2734 ex
632 2670 771 2755 speciali
787 2670 997 2737 invitacione
1014 2670 1060 2737 ad
1077 2676 1177 2737 tante
1193 2670 1325 2737 festivi·

169 2764 253 2828 tatis
270 2762 460 2847 solempnia
477 2762 522 2827 ad
538 2761 730 2847 graciarum
748 2762 957 2848 assurgimus
974 2763 1138 2829 acciones.
1183 2762 1324 2843 Verum,

169 2855 252 2939 quia
278 2875 340 2939 pro
367 2854 500 2938 magnis
526 2860 561 2919 et
588 2853 704 2920 arduis
729 2853 867 2920 ecclesie
893 2859 1010 2921 nostre
1034 2854 1184 2941 negociis
1209 2874 1326 2921 coram

169 2946 386 3031 Justiciariis,
398 2952 517 3024 etc.,et
528 2946 577 3011 sic
587 2945 691 3012 variis
701 2945 859 3032 impediti
867 2946 1132 3033 negociis,tante
1141 2946 1326 3014 festivitati

168 3038 213 3103 ad
231 3058 369 3123 presens
387 3045 472 3103 tunc
487 3057 559 3102 esse
576 3058 646 3103 non
663 3058 856 3123 possumus,
875 3038 971 3124 quod
988 3038 1153 3118 dolemus,
1172 3046 1326 3105 vestram

168 3131 416 3216 paternitatem
447 3130 633 3195 affectuose
663 3129 867 3216 requirimus
896 3136 932 3197 et
962 3151 1005 3197 ex
1034 3129 1136 3197 corde
1165 3150 1327 3217 rogamus

169 3222 335 3307 quatinus
350 3228 505 3287 nostram
520 3222 557 3287 in
572 3222 638 3287 hac
652 3229 752 3307 parte
767 3221 974 3302 absenciam,
991 3243 1061 3288 non
1076 3222 1259 3289 voluntate
1273 3227 1326 3289 set

168 3314 373 3380 necessitate
390 3313 604 3399 impeditam,
623 3313 669 3379 ad
684 3333 823 3400 presens
839 3314 966 3380 habere
982 3313 1170 3403 dignemini
1185 3334 1327 3381 excusa·

168 3414 254 3485 tam,
272 3413 337 3471 etc.

212 3498 287 3583 716.
334 3497 529 3563 Venerabili
548 3496 585 3562 in
605 3497 741 3563 Christo
760 3497 864 3583 patri,
886 3503 964 3577 etc,
985 3496 1040 3578 0,
1042 3501 1059 3545 ²
1078 3503 1157 3577 eto,
1177 3496 1326 3566 salutem
1339 3528 1379 3573 ιτ.)
1387 3528 1439 3573 na

168 3611 275 3674 quarn
298 3589 358 3654 filii
381 3610 460 3655 cum
483 3596 646 3674 prompta
668 3588 803 3674 semper
825 3588 870 3654 ad
892 3589 1110 3676 beneplacita
1131 3589 1324 3658 voluntate:

169 3683 265 3747 Licet
285 3703 328 3745 ex
348 3681 458 3746 causis
478 3681 582 3746 variis
600 3680 842 3766 gravissimum
861 3681 961 3747 nobis
980 3681 1124 3748 existat
1127 3701 1190 3768 pro
1209 3680 1425 3749 vestra
1337 3729 1433 3773 „m

169 3773 436 3838 intronizacione
449 3773 495 3838 ad
506 3780 622 3858 partes
634 3773 700 3838 iter
711 3774 756 3839 ad
767 3791 906 3858 presens
918 3773 1066 3861 arripere
1077 3779 1152 3840 tam
1163 3780 1315 3841 remotas
1316 3781 1461 3885 ,mggg

170 3887 239 3930 non
270 3872 387 3930 tamen
417 3865 563 3931 sustinet
593 3865 733 3931 affeccio
762 3887 869 3950 quarn
898 3866 944 3933 ad
972 3887 1036 3934 vos
1063 3866 1214 3952 gerimus
1240 3867 1425 3974 qualemn

170 3965 325 4023 vestrum
345 3978 508 4023 conemur
526 3978 714 4062 congruum
733 3958 769 4024 in
789 3958 854 4025 hac
872 3965 972 4045 parte
991 3957 1198 4027 desiderium
1217 3958 1326 4026 adim-
1336 3942 1473 4025 ἓιιιιωῗῗιι

171 4051 274 4135 plere,
289 4070 317 4114 st
308 4050 504 4153 quomodo
517 4049 594 4115 id
568 4071 641 4116 sme
655 4050 855 4135 gravamine
870 4050 970 4118 nobis
982 4049 1202 4118 intollerabili
1213 4032 1394 4118 facerem

170 4143 336 4219 v,alemus
372 4142 401 4207 si
436 4147 558 4207 contra
592 4142 851 4208 excusacionem
886 4163 949 4210 nos
983 4143 1111 4211 habere
1143 4141 1327 4229 contigerit

170 4234 360 4319 legitimam
395 4254 501 4318 quarn
535 4233 695 4299 simulare
729 4255 800 4300 non
834 4234 1068 4321 proponimus,
1104 4240 1193 4302 teste
1227 4234 1304 4301 Deo
1316 4256 1326 4314 ;

169 4326 417 4413 paternitatem
443 4330 595 4391 vestram
620 4325 806 4393 affectuose
831 4346 992 4412 rogamus
1015 4326 1181 4417 quatinus
1205 4326 1327 4395 absen-

204 4438 584 4516 1Apparentlysemorisum',
603 4439 656 4490 but
677 4439 725 4489 the
794 4437 949 4506 ’Probably
960 4438 1178 4501 OliverSutton,
1186 4438 1327 4509 bishopot

168 4507 264 4558 word
257 4522 281 4557 rs
293 4521 362 4571 very
374 4507 458 4556 much
470 4454 1084 4568 rubbed.Lincorn‚1tau-1aao.
