2994 4996
246 494 308 554 300
355 494 422 539 THE
444 492 608 540 REGISTER
628 493 670 540 OF
691 492 903 539 ARCHBISHOP
923 494 1072 540 WILLIAM
1093 493 1300 542 WICKWANE.

248 652 293 716 ad
327 651 473 715 eandem
508 658 656 736 patrono
687 651 747 735 qui
778 651 882 716 fuerit
913 657 1051 736 tempus
1082 657 1206 717 curret.
1255 649 1413 735 Qualiter

249 750 366 809 autem
392 744 457 808 hoc
482 751 641 808 nostrum
666 743 873 808 mandatum
899 743 1003 808 fueris
1028 749 1205 820 executus,
1231 763 1298 808 nos
1322 741 1412 806 infra

248 835 445 919 quindecim
483 835 555 900 dies
593 857 614 899 a
650 834 848 919 recepcione
885 834 1100 919 presencium
1136 833 1341 899 distinccius
1377 838 1413 899 et

250 933 368 1010 aperte
394 926 560 992 certifices
586 947 647 1010 per
673 933 752 992 tuas
778 926 912 992 litteras
939 933 1110 1011 patentes,
1137 927 1265 992 harum
1291 924 1414 992 seriem

250 1019 476 1084 continentes.
524 1019 618 1083 Vale.

87 1166 214 1215 rouesp.
295 1155 369 1220 731.
416 1136 529 1218 4idus
544 1135 671 1219 Aprilis
688 1135 797 1220 (April
815 1139 880 1216 10),
899 1136 994 1202 1281.
1041 1135 1256 1201 Cokeshand.
1303 1136 1415 1200 Vene·

87 1217 230 1316 3531?th
252 1229 351 1294 rabili
369 1229 405 1292 in
425 1228 559 1293 Christo
578 1227 670 1311 patri
688 1235 724 1292 et
742 1227 900 1292 benivole
919 1227 1116 1306 confidenti,
1138 1228 1193 1306 R.,
1213 1226 1281 1293 Dei
1299 1227 1413 1313 gracia

87 1318 215 1408 {iiiiii
252 1320 478 1386 Bathoniensi
509 1326 544 1384 et
575 1319 735 1384 Wellensi
766 1318 936 1403 episcopo,
968 1319 1034 1398 W,
1066 1319 1302 1405 permissione,
1335 1324 1414 1396 etc,

251 1413 453 1478 salutemet
472 1412 517 1476 ad
536 1411 600 1475 Dei
618 1411 835 1495 beneplacita
854 1411 935 1476 felix
954 1418 989 1477 et
1008 1411 1212 1478 continuum
1224 1411 1415 1478 incremen-

252 1513 339 1570 tum.
387 1505 491 1569 Pater
502 1503 697 1588 predilecte,
711 1503 841 1569 tociens
854 1503 1073 1582 accurrimus
1086 1503 1181 1588 quod
1193 1503 1414 1582 offendimus,

251 1600 291 1662 ut
307 1597 468 1662 timemus
484 1619 492 1674 ;
522 1603 640 1661 tamen
655 1595 737 1679 quia
751 1594 850 1660 labor
863 1603 978 1660 vester
992 1595 1180 1661 merebitur
1193 1616 1312 1662 coram
1327 1596 1415 1673 Deo,

250 1688 350 1754 vobis
371 1688 522 1753 securius
543 1687 657 1772 sepius
678 1686 920 1772 supplicamus.
969 1688 1156 1773 Rogamus
1178 1687 1296 1773 igitur,
1319 1687 1416 1772 piam

251 1779 498 1864 paternitatem
529 1786 682 1843 vestram
713 1779 878 1864 quatinus
908 1779 944 1844 in
974 1779 1040 1845 hiis
1069 1800 1145 1865 que·
1167 1778 1350 1864 predilecti
1381 1785 1416 1844 et

251 1872 424 1936 secretarii
455 1870 575 1948 nostri,
608 1871 768 1936 dominus
798 1871 839 1935 A.
873 1872 916 1935 de
948 1872 1151 1956 Kyrketone
1182 1877 1218 1936 et
1248 1871 1417 1956 magister

252 1965 427 2029 Robertus
450 1964 492 2027 de
515 1963 550 2027 la
572 1963 694 2039 Forde,
719 1963 819 2028 vobis
842 1969 1025 2048 suggerent
1048 1970 1208 2029 oretenus
1231 1963 1358 2029 honori
1381 1968 1417 2028 et

251 2055 397 2121 utilitati
419 2062 546 2132 nostre,
572 2055 711 2119 avidam
735 2075 863 2132 aurem,
888 2055 916 2120 si
939 2055 1063 2140 placet,
1088 2062 1123 2121 et
1146 2075 1299 2141 operam,
1323 2054 1416 2121 sicut

252 2169 314 2212 nos
333 2147 484 2232 diligitis,
505 2146 699 2231 apponatis,
719 2146 770 2211 ita
787 2146 882 2230 quod
899 2147 999 2212 vobis
1018 2150 1214 2213 teneamur²
1232 2147 1279 2212 ad
1297 2146 1418 2213 multi·

252 2239 357 2324 plices
376 2239 507 2324 gracias
526 2239 598 2303 sive
618 2245 741 2323 grates.
789 2238 975 2303 Conservet
994 2260 1057 2304 vos
1077 2240 1171 2304 Deus
1189 2238 1418 2325 prosperitati

254 2331 392 2397 ecclesie
407 2352 467 2396 sue
482 2337 517 2394 et
532 2330 636 2396 saluti
651 2350 712 2414 per
726 2337 884 2414 tempora
898 2330 1062 2416 longiora.

88 2443 240 2544 ξζῇἕζξξζξξθ
297 2467 372 2534 732.
419 2463 438 2530 5
471 2469 580 2513 nonas
612 2447 696 2530 Julii
730 2448 827 2533 (July
858 2452 904 2529 3),
939 2448 1035 2532 1284,
1068 2468 1159 2514 anno
1191 2463 1222 2530 5.
1269 2447 1415 2535 Scroby.

89 2555 201 2634 ffiffgg'gg
217 2548 240 2583 ³²
255 2540 431 2606 Universis
461 2539 586 2605 Christi
615 2538 772 2604 fidelibus
802 2541 847 2605 ad
875 2561 962 2625 quos
990 2548 1166 2625 presentes
1193 2539 1310 2607 littere
1339 2560 1417 2627 per·

194 2605 214 2643 y‘
253 2633 422 2709 venerint,
439 2632 505 2709 W,
522 2631 754 2716 permissione,
771 2638 849 2709 etc,
866 2632 1015 2697 salutem
1030 2632 1066 2697 in
1082 2631 1242 2698 Domino.
1290 2632 1417 2698 Trans·

254 2725 430 2790 euncium3
456 2723 752 2808 oportunitatibus
776 2744 815 2788 eo
840 2723 1049 2808 gracioribus
1073 2723 1268 2790 censuimus
1292 2724 1417 2790 annui·

254 2816 409 2882 cionibus
461 2815 643 2880 subvenire
692 2835 761 2898 quo
810 2814 1037 2880 crebrioribus
1060 2836 1230 2900 aquarum
1267 2815 1416 2881 inunda-

255 2908 411 2973 cionibus
437 2928 494 2973 eos
525 2906 722 2991 subpositos
753 2907 977 2986 attendimus,
1009 2929 1052 2973 ex
1082 2908 1209 2993 quibus
1238 2907 1415 2992 jacturam

254 3021 504 3085 nonnunquam
528 2999 707 3065 incurrunt
731 2999 957 3084 multiplicem
981 2999 1136 3065 acerbius
1159 3006 1195 3065 et
1219 2999 1414 3066 discrimen.

255 3094 307 3157 De
331 3092 406 3170 Dei,
430 3092 545 3176 igitur,
571 3091 828 3176 Omnipotentis
851 3091 928 3157 miti
951 3091 1183 3157 misericordia
1206 3113 1247 3157 ac
1269 3090 1416 3177 gloriose

254 3184 395 3270 virginis
422 3191 457 3249 et
484 3183 605 3248 matris
632 3183 748 3260 Marie,
776 3183 958 3248 beatorum
984 3183 1231 3269 Apostolorum
1258 3183 1354 3250 Petri
1380 3189 1415 3249 et

255 3276 364 3353 Pauli,
390 3296 523 3340 necnon
548 3275 754 3340 sanctissimi
774 3276 975 3341 contessoris
995 3275 1167 3353 Willehni,
1188 3275 1415 3361 omniumque

255 3375 453 3433 sanctorum
472 3367 603 3432 meritis
622 3367 843 3444 confidentes,
863 3367 1022 3433 omnibus
1040 3367 1257 3452 parochianis
1275 3365 1414 3445 nostris,

255 3467 290 3525 et
306 3459 380 3525 aliis
395 3480 543 3543 quorum
559 3459 742 3544 dyocesani
757 3459 847 3524 hanc
861 3466 1017 3524 nostram
1032 3459 1285 3545 indulgenciam
1301 3465 1415 3525 ratam

256 3549 450 3628 habuerint,
476 3551 518 3615 de
542 3550 692 3635 peccatis
716 3550 785 3615 suis
809 3571 888 3615 vere
912 3551 1080 3629 contritis,
1106 3551 1355 3636 penitentibus,
1380 3556 1414 3615 et

255 3643 428 3721 confessis,
449 3643 509 3728 qui
529 3644 570 3707 de
590 3642 700 3720 bonis,
721 3643 785 3706 sibi
805 3664 826 3707 a
845 3644 918 3708 Deo
938 3643 1082 3721 collatis,
1104 3643 1231 3708 fabrice
1251 3643 1414 3728 poncium

256 3743 290 3801 et
311 3735 439 3802 calcete
460 3735 502 3800 de
523 3737 677 3820 Marseye
698 3735 814 3819 aliqua
833 3735 1041 3800 contulerint
1061 3735 1227 3801 beneficia
1246 3734 1413 3812 caritatis

258 3850 305 3892 xx
322 3828 393 3892 dies
409 3828 451 3892 de
466 3828 625 3912 injuncta
639 3826 704 3891 sibi
719 3826 914 3911 penitencia
929 3827 1193 3893 misericorditer
1207 3826 1413 3893 relaxamus

91 3976 154 4016 rs·
302 3938 377 4004 733.
424 3920 553 4004 7idus
585 3918 680 4002 Julii,
714 3940 804 3983 anno
828 3934 860 4000 5,
887 3919 985 4005 (July
1016 3939 1047 4004 9,
1082 3919 1192 4002 1284).
1239 3919 1413 4005 Wyltone.

92 3988 194 4066 Eimind
256 4012 405 4076 Domino
430 4012 638 4076 Eadmundo
663 4011 705 4075 de
731 4012 939 4096 Deyencurt,
966 4011 1077 4076 militi.
1124 4010 1280 4077 Vacante
1304 4029 1414 4096 nuper

92 4078 223 4126 Deyncourt‚
300 4104 305 4115 .

91 4127 233 4217 ffi‘ffkfflss
256 4111 411 4188 prioratu
439 4105 481 4168 dc
503 4104 749 4188 Thurgertone,
785 4110 901 4168 nostre
935 4103 1101 4188 dyocesis,
1133 4123 1194 4187 per
1228 4102 1415 4168 cessionem

92 4231 197 4267 assentio
257 4196 372 4260 fratris
399 4195 543 4260 Roberti
569 4195 611 4258 de
638 4196 834 4272 Baseiorde,
861 4194 1037 4279 quondam
1063 4195 1195 4280 prioriS,
1222 4215 1329 4280 quam
1355 4193 1411 4258 ad·

91 4278 210 4368 ξῗξῃζξονῑ·
255 4288 420 4365 misimus,
439 4287 597 4372 supprior
613 4293 648 4351 et
665 4294 855 4352 conventus
872 4286 937 4351 loci
954 4287 1119 4372 ejusdem,
1137 4286 1249 4372 petita
1266 4285 1415 4365 anobis,

91 4379 209 4480 {ms
256 4386 360 4465 prout
390 4380 494 4446 moris
510 4386 573 4456 est,
598 4379 739 4444 licencia
762 4386 797 4443 et
827 4385 983 4463 optenta,
1013 4379 1147 4445 vocatis
1176 4377 1416 4445 concanonicis

91 4478 201 4571 iriibgri’oi
333 4523 395 4573 lFo.
409 4522 444 4573 82
458 4521 481 4570 is
495 4536 530 4570 an
544 4521 752 4587 interpolation.
820 4519 989 4572 ”Tentamun
1090 4519 1327 4572 ’Transeundum
