2994 4996
235 539 301 587 rna
324 539 488 587 naorsran
508 539 551 586 or
571 539 784 588 ancnnrsaor
804 540 953 588 marran
973 516 1174 588 vncxwanr.
1225 538 1284 606 309

126 699 205 764 inde
229 700 378 787 negociis
403 699 523 766 debita
546 700 671 766 solidet
696 700 884 787 gratitudo.
931 699 1020 767 Sane
1044 720 1182 767 summa
1205 719 1286 766 con-

125 792 282 871 fidencia,
313 813 419 878 quam
449 798 688 877 procuratores
716 791 827 859 nostri
856 793 892 859 in
922 792 1082 859 Romana
1111 791 1214 858 Curia
1242 791 1285 857 de

125 893 242 951 vestra
254 885 460 952 discrecione
472 885 618 969 provida
629 890 665 950 et
676 884 887 951 industriosa
897 885 1062 972 gerebant
1074 884 1284 963 constancia,

51 1005 54 1010 ¹
126 998 183 1042 eos
200 977 326 1063 inpulit
345 977 431 1042 adeo
449 983 484 1042 et
502 976 621 1042 allexit
638 976 733 1063 quod
749 977 786 1042 in
803 997 909 1043 causa
924 976 1099 1062 pendente
1115 976 1207 1042 inter
1222 995 1286 1042 nos

126 1076 161 1134 et
188 1069 380 1154 capitulum
407 1068 649 1147 Dunelmense,
677 1089 745 1154 que
771 1068 808 1134 in
833 1068 958 1156 Anglia
984 1068 1195 1135 tractabitur
1219 1067 1286 1133 hiis

126 1161 258 1240 diebus,
290 1163 326 1226 in
357 1181 420 1227 vos
450 1181 513 1246 pro
545 1160 659 1226 medio
690 1160 805 1246 judice
837 1160 924 1227 tutis
954 1160 1137 1226 affectibus
1166 1165 1286 1226 nostro

125 1254 264 1319 nomine
294 1259 550 1331 consenserunt,
581 1252 677 1338 quod
706 1258 742 1318 et
771 1272 845 1331 nos,
876 1252 961 1319 dum
990 1252 1027 1318 id
1056 1252 1102 1318 ad
1130 1257 1286 1318 nostram

126 1346 303 1430 pervenire
338 1345 515 1424 noticiam,
551 1351 699 1430 optentu
735 1344 908 1431 fragancie
944 1345 1035 1410 fame
1070 1349 1185 1410 vestre
1220 1364 1288 1430 que

125 1438 362 1523 multipliciter
386 1437 624 1514 comendatus,
653 1437 912 1522 acceptavimus
937 1436 1009 1503 leta
1033 1456 1163 1515 manu3
1195 1456 1288 1523 sper·

126 1537 225 1595 antes
245 1531 389 1595 firmiter
409 1529 503 1614 quod
519 1530 586 1594 hoc
602 1549 645 1594 ex
663 1528 781 1595 celesti
794 1548 936 1595 munere
955 1528 1169 1616 processerit,
1190 1534 1232 1594 ut
1252 1528 1289 1593 in
1310 1566 1312 1575 ·

125 1623 334 1688 discussione
355 1628 430 1687 tam
449 1621 590 1708 grandis
608 1619 753 1707 negocii,
774 1621 820 1686 ob
840 1621 1003 1687 meritum
1022 1620 1161 1707 justicie
1179 1640 1287 1707 quam
1302 1658 1399 1705 M,

124 1715 297 1792 fovebitis,
318 1713 491 1779 exaltetur
508 1712 689 1780 sublimius
706 1733 833 1779 nomen
844 1719 1010 1779 vestrum.
1056 1712 1152 1791 Care,
1171 1712 1287 1799 igitur,
1353 1756 1356 1762 -

124 1807 330 1892 paternitati
351 1811 465 1871 vestre
486 1826 596 1891 prona
616 1805 788 1872 instancia
809 1805 1045 1891 supplicamus
1065 1805 1231 1890 quatinus
1251 1804 1288 1871 in

125 1899 281 1982 predicta
309 1918 414 1964 causa
441 1897 556 1963 velitis
583 1896 811 1982 personaliter
838 1917 1051 1984 cognoscere,
1080 1897 1136 1962 vel
1164 1897 1289 1964 saltem

125 1989 297 2075 aliquibus
307 1990 479 2056 canonicis
489 1989 627 2055 ecclesie
637 1994 762 2068 vestre,
774 2009 861 2076 quos
871 1988 1048 2056 solidiores
1057 1988 1288 2068 attenderitis,

124 2083 216 2148 vices
236 2088 381 2160 vestras,
401 2082 430 2146 si
449 2081 575 2166 placet,
595 2081 815 2147 committere
833 2101 904 2147 non
922 2079 1102 2167 suspectis,
1121 2101 1166 2146 ne
1184 2100 1290 2147 causa

125 2175 200 2259 ipsa
219 2175 254 2239 in
272 2174 433 2239 manibus
452 2173 576 2238 vestris
594 2173 707 2258 periat
726 2173 813 2257 (sic),
832 2173 889 2239 cui
906 2172 1110 2258 preficimini
1127 2173 1289 2260 precipue

125 2274 165 2333 ut
195 2273 358 2352 regatur3
416 2285 519 2351 super
546 2286 617 2350 quo
646 2271 800 2331 vestram
828 2285 1013 2332 oneramus
1040 2265 1289 2332 conscienciam

125 2380 241 2424 coram
270 2358 448 2424 Altissimo
478 2358 514 2423 in
543 2357 796 2424 districtissimo
826 2358 891 2424 die.
944 2357 1131 2424 Conservet
1159 2358 1289 2425 incolu·
1417 2398 1420 2405 ι

125 2452 286 2516 mitatem
302 2457 455 2516 vestram
472 2471 533 2535 per
546 2455 705 2534 tempora
716 2449 828 2516 felicia
844 2449 952 2516 Filius
967 2450 1117 2537 Virginis
1132 2450 1287 2537 gloriose.

169 2547 262 2628 743·¹
298 2562 338 2608 10
352 2542 420 2608 kal.
435 2542 573 2627 Aprilis,
588 2563 681 2608 anno
696 2561 726 2619 1,
742 2542 876 2626 (March
888 2540 942 2625 2'3,
958 2543 1106 2629 12767).
1130 2542 1287 2609 Viterbii.
1303 2544 1437 2640 fflffi

124 2636 301 2720 Johannes
324 2636 515 2720 episcopua,
533 2655 652 2701 servus
675 2655 854 2701 servorum
877 2635 953 2714 Dei,
978 2634 1166 2701 venerabili
1189 2636 1289 2703 fratri
1302 2646 1443 2699 bnofflth

126 2728 351 2792 Bathoniensi
381 2733 416 2791 et
444 2726 605 2793 Wellensi
633 2727 805 2812 episcopo,
835 2733 871 2793 et
899 2726 1027 2794 dilecto
1055 2726 1137 2806 filio,
1166 2726 1289 2795 abbati
1299 2696 1347 2788 ff
1356 2696 1424 2789 Ψ

124 2819 433 2897 Westmonasterii,
449 2818 698 2885 Londoniensis
713 2817 896 2903 [diocesis],
911 2819 1060 2885 salutem
1074 2825 1111 2885 et
1124 2819 1288 2906 apostoli·
1301 2796 1443 2890 ivbff‘ui‘ne

124 2933 201 2977 cam
243 2911 531 2977 benediccionem.
601 2911 846 2977 Laudabilium
887 2911 1028 2978 claritas
1073 2911 1287 2993 meritorum,
1301 2896 1425 2990 {33¹3

123 3005 249 3089 quibus
266 3003 447 3069 karissima
461 3003 497 3068 in
524 3002 660 3069 Christo
678 3003 759 3081 filia,
776 3002 830 3082 A„
847 3002 990 3070 illustris
1013 3003 1131 3090 regina
1153 3003 1286 3091 Anglie,
1300 2996 1427 3091 ffffl„

123 3096 301 3180 splendere
316 3095 519 3173 dinoscitur,
535 3094 660 3161 merito
675 3115 738 3162 nos
752 3095 892 3162 induxit
906 3101 947 3162 ut
962 3114 1146 3182 personam
1160 3096 1236 3182 ejus
1250 3095 1287 3163 in
1300 3096 1442 3191 §3¹3ss

123 3189 193 3254 suis
211 3188 439 3253 familiaribus
457 3193 629 3273 oportuno
649 3193 806 3273 tempore
823 3188 1043 3254 honoremus.
1088 3186 1150 3266 Ut,
1169 3187 1286 3274 igitur,
1299 3198 1418 3251 Saltum·

123 3280 308 3345 familiares
340 3281 415 3365 ejus
447 3299 487 3344 eo
518 3279 584 3345 sibi
615 3281 853 3366 obsequantur
884 3279 1048 3347 devocius
1077 3300 1149 3366 quo
1179 3279 1287 3366 ipsius

123 3373 271 3437 obtentu
287 3372 445 3438 votivam
472 3392 493 3436 a
517 3370 605 3438 Sede
620 3370 821 3456 Apostolica
844 3371 997 3458 graciam
1020 3378 1286 3459 consequentur,

123 3464 324 3529 discrecioni
340 3470 454 3529 vestre
470 3483 531 3548 per
547 3463 738 3548 apostolica
753 3463 883 3550 scripta
897 3463 1106 3531 mandamus
1120 3462 1287 3550 quatinus
1351 3532 1354 3537 e

122 3578 195 3633 vos,
211 3556 266 3622 vel
280 3555 368 3621 alter
380 3562 548 3634 vestrum,
563 3555 699 3621 duobus
711 3555 856 3642 ydoneis
868 3555 998 3623 clericis
1010 3562 1046 3622 et
1059 3554 1287 3623 familiaribus
1405 3622 1409 3627 .

123 3650 230 3733 ipsius
263 3648 388 3733 regine,
421 3668 509 3732 quos
540 3647 616 3733 ipsa
648 3646 757 3713 vobis'
780 3647 920 3714 duxerit
951 3647 1192 3728 nominandos,
1224 3648 1286 3714 uni

123 3761 241 3805 eorum
261 3740 296 3804 in
317 3740 538 3818 Eboracensi,
559 3746 594 3805 et
614 3739 715 3805 alteri
733 3739 770 3806 in
790 3738 1041 3826 Saresbyriensi
1060 3738 1221 3819 ecclesiia,
1241 3739 1286 3807 de
1397 3757 1400 3764 ⁴

123 3832 317 3916 prebendis,
346 3831 375 3896 si
401 3839 530 3898 vacant
557 3831 603 3897 ad
630 3851 780 3917 presens,
808 3831 865 3897 vel
890 3831 1150 3918 quamprimum
1175 3831 1223 3899 ad
1248 3831 1286 3899 id

123 3923 288 4008 optulerit
310 3943 346 3988 se
365 3924 524 4003 facultas,
540 3924 690 4008 utrique,
706 3921 880 4003 videlicet,
901 3942 1032 4003 eorum,
1051 3923 1095 3991 de
1114 3942 1188 3991 una
1207 3942 1284 4011 pre·
1410 3958 1413 3963 ·

123 4015 237 4080 benda
269 4015 456 4080 dumtaxat
488 4015 697 4081 auctoritate
727 4021 849 4081 nostra
878 4034 941 4101 per
970 4034 1045 4095 voe,
1076 4014 1134 4086 vel
1163 4014 1282 4096 alium,
1410 4036 1413 4041 ·
1454 4022 1458 4033 '

123 4113 185 4171 aut
202 4106 297 4185 alios,
313 4106 493 4191 providere
509 4107 636 4174 curetis
651 4130 662 4186 ;
690 4106 857 4174 facientes
871 4126 1009 4175 exnunc
1022 4126 1132 4175 unum
1146 4106 1284 4175 illorum
1426 4123 1430 4134 ·

123 4200 159 4264 in
179 4219 259 4276 una,
281 4206 316 4265 et
336 4198 483 4264 alterum
502 4199 538 4265 in
557 4199 625 4265 alia
644 4199 687 4265 de
705 4199 870 4286 predictis
888 4198 1048 4281 eeclesiis,
1063 4198 1153 4267 sicut
1166 4198 1285 4287 regina

122 4293 198 4376 ipsa
207 4291 381 4376 petiverit,
395 4291 431 4356 in
443 4292 625 4357 canonicos
638 4291 742 4379 recipi
748 4291 970 4374 etinfratrcs3
979 4312 1050 4359 non
1062 4290 1284 4361 obstantibus

121 4384 301 4450 contrariis
310 4384 618 4451 consuetudinibus
626 4384 683 4451 vel
694 4384 849 4466 statutis,
864 4384 1284 4453 seuoertoomonioorum
1372 4382 1378 4395 ’

121 4497 264 4542 numero
286 4477 504 4543 ecclesiarum
519 4477 683 4563 ipsarum,
711 4478 921 4565 juramento,
938 4476 996 4545 vel
1017 4476 1284 4553 confirmacione
1401 4498 1406 4507 ·

495 4591 559 4641 ¹See
572 4591 663 4658 Papaf
673 4591 781 4652 Lattara,
795 4592 823 4652 i„
834 4592 896 4645 ⁴5³.
