2994 4996
227 511 293 560 rna
317 511 480 559 meissen
500 512 543 558 or
564 510 776 558 lncaarsuor
796 496 946 557 vunnu
966 505 1168 554 wrcrrwsnr.
1218 507 1279 570 313

164 685 238 755 752.
288 689 329 735 10
345 670 413 735 kal.
432 669 591 755 Augusti,
610 689 702 734 anno
719 683 751 750 5,
771 667 869 754 (July
886 686 940 750 23,
960 666 1071 751 1284).
1104 664 1280 752 Wyltone.
1293 663 1332 708 Μ
1344 663 1379 707 ⁸⁸

121 763 229 828 Priori
248 769 283 827 et
302 762 490 828 conventui
508 761 551 826 de
568 761 817 846 Thurgartone.
843 760 1076 826 Revolventes
1094 757 1282 824 studiosius
1293 815 1313 856 Τ
1334 814 1359 856 ffi

60 895 61 899 =
121 856 270 941 qualiter
300 862 413 921 status
444 861 559 921 vester
588 853 698 938 possit
728 853 944 919 commodius
974 851 1136 937 reparari,
1167 870 1281 917 neces-
1294 812 1447 957 §duom

120 948 249 1012 sarium
284 948 356 1013 fore
391 945 621 1031 conspicimus
655 945 750 1030 quod
785 965 904 1011 omnes
938 938 1128 1029 protentus
1162 942 1280 1020 vestri,
1295 969 1341 1008 ton

120 1039 288 1123 separatis
316 1038 597 1123 percepcionibus
623 1036 836 1122 quibuslibet
863 1037 1004 1102 omnino
1031 1035 1228 1120 suspensis,
1245 1013 1447 1107 infimi-fs.

120 1152 229 1196 unum
249 1130 458 1196 reducantur
473 1149 646 1208 acervum,
664 1135 699 1195 et
715 1129 761 1194 ad
781 1128 1064 1195 exoneracionem
1084 1127 1282 1192 debitorum
1295 1114 1436 1207 Ρξοωῗ,
1473 1147 1476 1153 ·

120 1223 356 1288 communium
385 1222 585 1308 redigantur
612 1220 769 1287 totaliter
796 1221 832 1286 in
861 1239 1055 1287 commune.
1101 1218 1280 1296 Volumus,
1295 1176 1408 1258 &w

121 1315 236 1400 igitur,
256 1321 290 1379 et
309 1313 495 1380 statuendo
513 1313 721 1399 precipimus
738 1313 833 1398 quod
851 1313 968 1378 omnia
986 1311 1153 1378 distincta
1170 1310 1283 1376 officia

122 1407 245 1471 domus
266 1413 391 1485 vestre,
415 1406 541 1492 quibus
563 1405 792 1491 possessiones
815 1411 851 1470 et
872 1404 1029 1470 redditus
1051 1403 1282 1489 assignantur,

122 1499 166 1563 ad
181 1498 429 1564 relevacionem
443 1499 508 1564 eris
523 1497 635 1576 alieni,
652 1497 782 1583 absque
796 1496 1072 1563 contradiccione
1086 1494 1282 1581 cujuslibet,

122 1591 282 1676 deinceps
296 1591 490 1676 proficiant,
506 1596 541 1655 et
556 1590 591 1654 in
606 1610 689 1656 usus
702 1589 904 1676 hujusmodi
918 1588 1065 1654 fideliter
1078 1593 1284 1654 convertan-

122 1691 189 1761 tur,
219 1683 270 1748 ita
297 1682 392 1768 quod
420 1683 456 1747 in
484 1682 586 1748 dictis
614 1681 744 1761 officiis,
773 1702 844 1766 quo
871 1681 917 1747 ad
944 1685 1146 1766 proventus,
1174 1684 1284 1745 cesset

122 1774 322 1840 omnimoda
347 1775 507 1840 distincio
531 1774 650 1852 donec,
676 1774 857 1858 oportunis
879 1772 1115 1839 mediantibus
1137 1770 1284 1850 indiciis,

122 1867 216 1932 aliud
235 1867 434 1932 duxerimus
452 1866 622 1945 ordinare,
640 1865 735 1951 quod
753 1886 817 1950 pro
834 1870 951 1931 vestro
968 1863 1150 1930 maturiori
1167 1863 1285 1949 plena-

122 1959 215 2023 mine
246 1959 391 2043 provide
422 1958 616 2024 censuimus
647 1957 885 2023 statuendum.
932 1957 1069 2035 Pacem,
1101 1955 1217 2042 igitur,
1247 1952 1286 2021 'et

123 2051 413 2135 tranquillitatem
436 2051 527 2115 inter
549 2070 612 2115 vos
635 2049 762 2115 curetis
784 2049 995 2115 unanimiter
1017 2048 1211 2126 confovere,
1234 2046 1287 2113 ita
1299 2070 1412 2117 nosue
1425 2075 1453 2115 so

123 2143 217 2227 quod
240 2144 396 2208 membra
419 2148 584 2227 prompta
607 2141 794 2207 devocione
817 2134 925 2226 capiti
948 2146 1106 2225 pareant.
1152 2138 1285 2225 capud,
1299 2120 1429 2217 &⁰22⁷ss

123 2255 216 2313 vero,
229 2233 376 2319 regulari
387 2233 557 2299 industria
568 2232 724 2298 membra
736 2233 882 2298 discrete
894 2231 1025 2318 regulet
1036 2237 1072 2297 et
1083 2235 1285 2318 pertractet,
1300 2224 1416 2318 &W
1435 2276 1438 2281 -

124 2333 164 2391 ut
183 2327 339 2411 fragrans
356 2325 630 2391 conversacionis
647 2330 761 2390 vestre
779 2345 907 2403 rumor,
927 2324 972 2389 ad
989 2344 1053 2390 nos
1070 2323 1286 2409 proveniens,
1301 2314 1425 2369 mmm·

125 2419 279 2483 animum
308 2425 467 2483 nostrum
494 2417 636 2483 letificet
664 2416 700 2482 in
728 2416 957 2502 respiracione
984 2415 1141 2482 uberima
1168 2414 1288 2482 vultus

125 2511 241 2575 vestri.
290 2510 511 2595 Inportunos,
533 2509 715 2593 siquidem,
737 2510 861 2575 fratres
881 2515 917 2575 et
937 2507 1079 2575 rebelles
1098 2508 1160 2587 ita,
1182 2507 1288 2573 dante

126 2603 286 2680 Domino,
310 2602 522 2668 intendimus
544 2602 726 2680 refrenare,
749 2601 844 2687 quod
865 2595 990 2667 talium
1011 2600 1167 2666 cohercio
1189 2600 1288 2666 cedet

126 2694 200 2759 aliis
220 2695 256 2759 in
276 2700 464 2779 stuporem.
512 2693 606 2759 Bene
626 2693 752 2759 valete.
1284 2722 1287 2731 ·

169 2788 232 2865 Tu,
246 2787 348 2871 prior,
361 2787 503 2852 nomina
514 2786 758 2851 canonicorum
771 2785 949 2851 rebellium
961 2791 997 2851 et
1007 2784 1289 2853 intollerabilium
1302 2828 1363 2869 m
1372 2829 1397 2869 ω
1474 2850 1479 2859 ,

126 2880 226 2944 nobis
244 2880 422 2965 significes,
442 2886 477 2944 et
494 2898 621 2944 nomen
638 2878 730 2944 illius
746 2877 903 2945 canonici
920 2878 963 2944 de
981 2877 1111 2945 Sancto
1128 2876 1289 2944 Oswaldo
1301 2876 1441 2971 xm&

125 2992 229 3057 quem
252 2973 379 3037 habere
402 2970 542 3056 expedit
565 2971 601 3035 in
623 2969 849 3056 suppriorem,
873 2976 914 3036 ut
937 2969 981 3036 de
1003 2970 1069 3037 hoc
1084 2969 1429 3073 >mmmmm-

127 3065 216 3129 sicut
237 3064 303 3129 tibi
323 3070 358 3128 et
379 3062 498 3128 domui
517 3063 706 3131 viderimus
726 3063 921 3128 convenire.

171 3172 245 3240 753.
293 3155 471 3240 Suppriori
508 3161 543 3220 et
580 3154 769 3220 conventui
804 3154 847 3220 de
883 3153 1062 3221 Sletfordl.
1109 3152 1289 3241 Regularis
1303 3178 1443 3221 mse

127 3248 348 3313 observancie
370 3247 515 3312 tradicio
537 3247 588 3312 ita
609 3246 704 3331 apud
724 3266 798 3326 vos,
820 3251 862 3314 ut
883 3245 1089 3333 accepimus,
1112 3246 1231 3312 exulat
1303 3228 1456 3281 ‘mm‘

126 3343 275 3425 vagatur
291 3339 385 3424 quod
402 3340 438 3404 in
454 3339 554 3405 vobis
570 3338 723 3425 religiose
739 3337 934 3405 honestatis
950 3338 1054 3406 decor
1068 3336 1288 3417 tenebrescit,
1302 3326 1459 3433 gw-

127 3433 231 3518 proth
257 3431 364 3509 dolor,
400 3438 435 3496 et
475 3431 510 3496 in
549 3430 752 3497 scandalum
794 3429 924 3496 ordinis
962 3450 1033 3496 non
1071 3428 1435 3497 mediocritatem

125 3524 337 3589 obfuscatur.
385 3524 437 3587 De
455 3529 582 3601 vestra,
599 3522 715 3607 igitur,
732 3521 959 3607 respiracione
972 3521 1156 3589 commoda
1170 3542 1290 3589 curam
1391 3542 1409 3575 ι·

127 3622 268 3700 agentes
293 3615 476 3680 sollicitam
501 3622 542 3681 ut
567 3615 727 3692 viviscat,
754 3613 935 3680 devocioni
958 3620 1074 3681 vestre
1097 3613 1291 3681 districcius

128 3707 347 3792 precipiendo
361 3707 569 3772 mandamus
583 3706 760 3791 quatinuS,
775 3705 866 3772 vires
879 3705 1123 3773 reassumendo
1136 3704 1291 3792 perditas

128 3799 350 3884 possessionis
381 3806 506 3877 vestre,
538 3798 673 3883 regulas
703 3798 752 3864 sic
782 3797 955 3864 studeatis
985 3797 1144 3866 deoetero
1173 3796 1291 3884 pronis

128 3892 260 3956 nisibus
276 3892 469 3968 observare,
487 3890 582 3976 quod
598 3891 714 3957 future
729 3888 1004 3957 conversacionis
1019 3896 1133 3957 vestre
1148 3889 1292 3957 evidens

128 3984 164 4047 in
179 3983 281 4047 licitis
297 3983 521 4048 conformitas
536 3983 705 4049 hactenus
726 3986 929 4067 presumpta
953 3980 1144 4061 obnubilet,
1160 4000 1293 4067 vosque
1380 3988 1384 3999 '
1411 3990 1416 4001 '

129 4076 221 4140 fame
246 4074 413 4139 odorifere
437 4075 612 4153 restituat,
637 4081 673 4140 et
696 4073 797 4140 nobis
821 4073 1001 4161 acoepcius
1024 4072 1291 4141 recommendet.

129 4167 239 4251 Super
250 4186 320 4250 quo
332 4173 383 4245 tu,
397 4167 500 4251 prior,
513 4165 681 4251 invigiles,
695 4165 756 4252 qui
767 4165 910 4233 claustri
920 4164 1077 4234 custodie
1088 4184 1130 4233 eo
1141 4165 1292 4233 erninen·
1306 4168 1448 4237 m'nu,

129 4259 202 4325 cius
221 4258 419 4344 preponeris
439 4279 509 4343 quo
529 4258 748 4324 subditorum
768 4278 879 4338 casus,
895 4265 932 4325 te
946 4257 1184 4345 refrigessente
1203 4257 1292 4342 (sie),
1306 4235 1372 4289 Μ·

130 4373 151 4417 a
189 4350 259 4417 tuis
296 4351 458 4416 manibus
496 4350 720 4437 periculosius
757 4349 962 4436 requiretur.
1007 4348 1081 4418 Nec
1118 4356 1155 4419 te
1192 4349 1292 4417 fallat

140 4508 145 4531 ·
179 4490 343 4558 ²Thep1ace
356 4489 489 4540 intended
508 4489 533 4540 ss
552 4489 690 4580 probably
708 4489 838 4568 suasori
850 4489 987 4551 innotis,
999 4490 1074 4557 spen
1090 4470 1200 4541 seroie
1211 4489 1241 4541 tn
1392 4482 1395 4489 '
1414 4548 1420 4559 ,

592 4557 694 4623 Greys
708 4557 846 4623 Register.
1183 4596 1190 4605 ·
1325 4590 1328 4595 ⁴
