2994 4996
241 507 308 552 THE
331 508 494 554 REGISTER
515 509 557 555 OF
578 509 790 556 ARCHBISHOP
811 508 959 554 WILLIAM
980 505 1181 555 wrcaniin.
1231 503 1290 569 315

133 663 264 730 socium
275 672 376 732 tuum
387 686 448 750 per
458 667 549 732 idem
560 673 708 752 tempus,
720 673 761 731 ut
772 665 1006 750 premissimus
1017 665 1104 750 (sic),
1116 664 1290 744 exhibeat,

133 762 168 820 et
184 758 337 823 residuos
352 759 485 824 fructus
500 758 536 824 in
551 764 651 824 tuam
665 757 855 824 utilitatem
870 763 1064 838 convertat,
1079 764 1121 824 ut
1135 757 1292 845 superius

134 856 186 913 est
221 870 432 935 expressum,
467 851 628 916 volumus
663 871 727 935 pro
770 856 847 916 toto
890 857 1047 936 tempore
1089 850 1290 928 antedicto;

132 941 271 1023 proviso
298 943 393 1027 quod
419 941 594 1027 predictus
620 942 785 1028 magister
812 941 845 1027 J.
874 942 917 1008 de
944 942 1106 1008 omnibus
1132 942 1292 1008 oneribus

132 1032 312 1100 ordinariis
331 1040 366 1099 et
385 1033 665 1099 extraordinariis
682 1034 797 1099 medio
814 1040 970 1120 tempore
988 1034 1206 1120 respondeat,
1225 1053 1292 1120 que

133 1123 175 1188 de
205 1125 287 1210 ipsis
318 1126 460 1192 residuis
490 1125 661 1191 fructibus
690 1126 851 1212 primarie
881 1132 1034 1213 segreget
1064 1131 1100 1192 et
1129 1125 1290 1192 deducat.

132 1215 263 1282 Valete.
311 1219 393 1284 Dat.
414 1217 509 1303 apud
527 1216 679 1304 Otteley,
699 1224 765 1284 etc.

176 1324 250 1394 757.
298 1310 433 1375 Dilecto
449 1311 485 1374 in
501 1309 637 1375 Christo
652 1310 734 1389 filio,
751 1310 975 1376 Dunelmensi
991 1309 1112 1390 electo,
1128 1308 1195 1389 W,
1208 1315 1291 1388 etc,
1306 1343 1448 1386 numam

131 1401 278 1467 salutem
289 1423 368 1468 cum
379 1402 619 1468 benediccione
629 1407 665 1467 et
674 1403 789 1489 gracia
799 1402 999 1469 Salvatoris.
1045 1401 1291 1469 Excommuni-
1304 1394 1421 1487 wll·

130 1500 288 1559 catorum
306 1495 447 1560 nomina
465 1495 605 1580 expedit
623 1495 695 1560 iore
713 1501 809 1573 nota,
827 1515 871 1560 ne
888 1495 1006 1560 fideles
1023 1493 1179 1560 inficiant
1197 1493 1292 1579 apud
1305 1495 1446 1591 31th

130 1605 228 1668 quos,
269 1587 418 1652 veritate
456 1592 571 1653 status
610 1587 720 1653 tacita
759 1593 800 1653 ut
838 1587 991 1666 latitent,
1030 1591 1290 1652 conversantur.
1304 1596 1451 1638 exeommuni-

131 1677 326 1762 Eapropter
364 1678 463 1744 vobis
501 1678 670 1745 veraciter
707 1678 910 1745 intimamus
948 1678 1043 1764 quod
1082 1678 1141 1756 Η.,
1180 1648 1457 1743 rectorffttliffi'

131 1769 269 1834 ecclesie
286 1771 328 1836 de
346 1771 480 1849 Rither‚
491 1778 608 1837 nostre
624 1770 791 1857 dyocesis,
809 1772 869 1856 qui
885 1777 1011 1850 vester,
1028 1776 1069 1836 ut
1086 1770 1291 1856 accepimus,
1306 1749 1397 1800 '‘yffi‘'

130 1861 308 1928 familiaris
350 1864 480 1941 existit,
523 1864 666 1949 majoris
707 1863 1076 1930 excommunicacionis
1118 1861 1293 1929 sentencia

130 1961 249 2019 nostra
268 1956 477 2022 auctoritate
495 1963 559 2034 est,
579 1963 614 2021 et
633 1956 693 2022 diu
712 1956 831 2022 extitit
849 1963 991 2042 propter
1009 1955 1158 2021 offensas
1174 1954 1292 2021 multi·

130 2047 234 2129 plices
254 2048 451 2126 innodatus,
472 2069 576 2133 quem
597 2069 617 2114 a
637 2055 754 2114 vestra
773 2048 966 2115 amoveatis
985 2047 1162 2126 comitiva,
1183 2047 1292 2113 donec

130 2138 174 2202 ad
194 2141 362 2224 gremium
382 2141 520 2206 ecclesie
541 2140 677 2219 rediret,
712 2161 756 2206 ne
776 2141 932 2226 ejusdem
951 2140 1112 2206 morbida
1131 2139 1292 2225 contagio

130 2251 192 2295 vos
214 2253 293 2297 cum
315 2233 542 2298 familiaribus
564 2233 725 2318 deinceps
746 2232 971 2311 contaminet,
994 2232 1090 2319 quod
1110 2232 1290 2298 nollemus.

131 2322 223 2387 Bene
244 2324 369 2403 valete,
392 2330 458 2390 etc.

172 2415 246 2500 758.
294 2416 463 2482 Noverint
493 2417 643 2482 universi
679 2417 785 2503 quod,
824 2438 904 2484 curn
932 2437 1007 2495 nos,
1041 2415 1110 2495 W„
1138 2421 1216 2494 etc,
1246 2414 1293 2482 ad
1305 2426 1427 2471 &meato

128 2507 336 2573 mandatum
358 2508 489 2574 domini
511 2509 608 2595 regiS,
631 2510 794 2575 canonice
815 2508 1094 2596 inquisiverimus
1115 2528 1161 2572 an
1181 2505 1293 2573 Alicia
1305 2477 1458 2573 iwan?

128 2599 170 2663 de
204 2599 378 2666 Stitellum
411 2601 532 2667 luisset
565 2601 719 2687 legitima
751 2621 839 2667 uxor
871 2600 1033 2667 Willelmi
1065 2599 1127 2665 filii
1159 2597 1290 2678 Satelli,
1305 2579 1399 2671 ffi'

127 2691 322 2757 invenimus
360 2714 421 2778 per
458 2713 655 2778 processum
693 2693 899 2759 canonicum
936 2698 972 2758 et
1009 2691 1157 2771 fidelem,
1194 2690 1293 2777 quod
1304 2679 1448 2775 ,iffim

126 2783 303 2867 predictus
331 2785 522 2850 Willelmus
551 2806 631 2851 cum
659 2785 797 2870 prefata
824 2783 936 2852 Alicia
963 2783 1227 2851 matrimonium
1255 2783 1292 2849 in

127 2875 214 2939 facie
231 2876 369 2941 ecclesie
385 2878 521 2962 publice
537 2883 770 2956 contraxerat,
787 2877 836 2943 sic
851 2876 946 2963 quod
961 2877 1029 2943 luit
1044 2875 1166 2943 eadem
1181 2874 1292 2941 Alicia

128 2968 283 3051 predicto
304 2969 486 3048 Willelmo,
508 2971 583 3035 viro
603 2990 677 3048 suo,
698 2969 852 3056 legitimo
872 2968 1096 3035 matrimonio
1115 2967 1291 3054 copulata,

129 3059 223 3143 quod
250 3061 405 3126 discretis
431 3061 524 3140 viris,
552 3061 683 3127 domini
709 3061 797 3148 regis
821 3060 1031 3148 justiciariis,
1058 3060 1154 3147 apud
1179 3059 1292 3127 West·

129 3153 388 3231 monasterium,
402 3154 529 3238 quibus
541 3154 646 3219 breve
658 3153 790 3240 regium
802 3153 897 3239 quod
909 3173 1012 3239 super
1024 3153 1090 3219 hoc
1102 3151 1293 3238 recepimus

130 3245 411 3324 transmittimus,
427 3252 545 3310 tenore
559 3246 774 3331 presencium
787 3245 982 3331 specialiter
994 3244 1209 3324 intimamus,
1224 3249 1289 3310 etc.

174 3336 273 3420 758Α.
321 3338 437 3419 3kal.
466 3338 554 3423 Aug.
585 3336 764 3424 (July30,
794 3336 905 3422 1284).
950 3336 1126 3424 Wyltone.
1172 3336 1293 3402 Letter

129 3428 218 3492 from
244 3430 303 3493 the
329 3431 445 3495 archb.
473 3435 511 3495 to
537 3430 669 3495 Robert
696 3429 876 3514 (Bumell),
892 3429 1017 3516 bishop
1041 3430 1079 3496 oi
1102 3428 1198 3495 Bath
1221 3426 1293 3495 and

128 3519 243 3598 Wells,
267 3522 389 3606 asking
410 3523 482 3586 him
504 3529 541 3587 to
562 3542 706 3607 procure
727 3523 816 3587 irom
837 3523 898 3587 th'e
918 3521 1002 3608 king
1021 3521 1142 3588 letters
1162 3519 1200 3586 oi
1219 3520 1292 3586 saie

130 3612 279 3678 conduct
305 3614 375 3678 and
400 3614 454 3679 tor
478 3615 619 3699 making
644 3620 824 3701 attomeys
849 3614 903 3679 ior
925 3613 980 3680 his
1004 3610 1190 3680 domestics
1213 3611 1293 3678 who

130 3724 216 3769 were
249 3705 351 3791 going
384 3705 515 3771 abroad
547 3705 632 3772 with
664 3706 747 3771 him.
796 3705 954 3789 (Printed
985 3704 1022 3789 in
1052 3704 1176 3771 Lartem
1205 3703 1293 3788 from

129 3795 296 3862 Northern
316 3798 491 3883 Registem,
513 3797 582 3880 80.)

173 3904 248 3973 759.
296 3890 436 3955 Decano
463 3889 733 3957 Christianitatis
759 3888 997 3956 Eboracensis.
1043 3886 1157 3957 officii
1181 3886 1293 3955 nostri
1303 3893 1421 3988 m,

130 3980 287 4046 debitum
324 4002 464 4066 operose
500 3981 751 4067 prosequimur,
789 3981 874 4047 dum
909 3980 959 4048 sic
994 3978 1293 4068 oportunitatibus
1304 3994 1458 4047 mium

129 4074 356 4158 prospicimus
392 4074 622 4153 subditorum,
646 4074 741 4161 quod
776 4072 837 4153 hii,
864 4072 926 4159 qui
961 4072 1102 4160 proprio
1136 4044 1457 4159 regimmiiiinffl

129 4166 315 4244 sufficiunt,
345 4166 498 4231 adversis
520 4166 662 4232 minime
686 4171 882 4232 tractentur
902 4164 1098 4245 conatibus
1121 4169 1170 4237 et,
1183 4161 1293 4251 gratis
1304 4144 1429 4243 &illi

130 4258 324 4324 releventur
357 4258 549 4344 graciarum
582 4257 745 4325 subsidiis
776 4258 985 4344 inpotentes.
1032 4255 1291 4335 Convertentes,

129 4349 258 4435 itaque,
292 4352 347 4436 pie
378 4351 663 4418 consideracionis
693 4349 862 4417 intuitum
892 4349 940 4417 ad
968 4354 1104 4417 statum
1134 4346 1292 4427 Roberti,

130 4443 270 4508 rectoris
298 4443 436 4509 ecclesie
464 4443 507 4509 de
535 4441 748 4522 Almanbire,
775 4447 893 4509 nostre
920 4440 1088 4531 dyocesis,
1115 4439 1178 4529 qui
1203 4438 1293 4507 adeo

129 4535 224 4599 senio
253 4535 424 4621 frangitur
451 4543 486 4602 et
514 4536 609 4602 visus
635 4534 835 4622 privacione
862 4532 1022 4615 afficitur,
1049 4531 1146 4622 quod
1171 4550 1293 4599 curam
