2994 4996
237 550 296 611 240
349 551 414 594 THE
437 550 600 596 REGISTER
620 551 664 595 OF
685 550 898 595 ARCHBISHOP
918 550 1067 593 WILLIAM
1088 548 1293 593 WICKWANE.

236 703 373 767 nomine
398 703 487 767 inira
511 703 644 768 dictum
669 703 807 779 festum,
834 702 929 787 apud
952 702 1087 767 dictum
1110 701 1308 786 Templum,
1335 701 1407 766 sub

236 815 326 877 pena
353 795 594 877 suspensionis,
623 815 703 859 cum
731 795 930 878 integritate
958 794 1090 858 solvere
1118 813 1188 858 non
1216 793 1402 858 omittant.

237 886 499 950 Procuraciones
530 893 648 950 autem
678 892 834 971 receptas
864 892 904 967 et¹
929 885 1143 969 recipiendas
1172 906 1236 968 pro
1266 905 1324 949 me
1355 885 1405 950 ab

235 978 370 1042 officiali
389 985 516 1055 vestro,
545 985 586 1042 ut
615 978 700 1042 alias
728 978 848 1062 rogavi
876 984 912 1042 et
941 977 1116 1062 requisivi,
1141 977 1253 1041 iacere
1283 976 1404 1042 velitis

234 1071 398 1153 magistro
438 1069 585 1154 Anglero
625 1070 668 1133 de
707 1070 967 1146 Transtiberim,
1008 1069 1224 1153 procuratori
1265 1068 1402 1133 domini

234 1161 406 1244 Neapolis,
446 1161 501 1225 vel
541 1161 672 1225 Thome
702 1161 911 1246 Guysidonis
940 1161 984 1225 de
1013 1161 1119 1238 Luca,
1150 1181 1227 1224 meo
1257 1160 1402 1225 nomine

234 1253 398 1338 assignari
412 1275 420 1330 ;
438 1253 663 1336 rescripturus
680 1253 784 1317 michi
801 1253 966 1337 quicquid
984 1253 1020 1316 in
1037 1252 1211 1336 premissis
1228 1252 1402 1318 duxeritis

234 1345 440 1422 iaciendum,
467 1345 519 1409 ita
543 1345 636 1429 quod
662 1345 859 1429 Apostolice
884 1344 965 1410 Sedi
990 1365 1045 1408 me
1071 1344 1201 1428 possim
1227 1344 1270 1408 de
1296 1344 1402 1410 vobis

233 1437 356 1501 merito
378 1436 627 1501 commendare.

89 1571 145 1600 εει
175 1572 211 1601 om
277 1543 352 1612 592.
399 1547 439 1594 21
480 1528 535 1592 die
575 1528 657 1592 Maii
698 1529 824 1610 (1280).
889 1527 994 1612 Apud
1034 1528 1399 1594 westmonasterium.

139 1673 163 1700 0,
180 1672 205 1701 0,
233 1620 404 1696 Alienora,
434 1620 499 1684 Dei
527 1621 641 1704 gracia
669 1621 786 1705 regina
813 1619 946 1704 Anglie‚
976 1627 1055 1697 etc,
1085 1619 1285 1697 venerabili,
1317 1625 1399 1698 etc,

86 1711 141 1770 131⁰
186 1723 198 1751 θ
233 1713 380 1776 salutem
417 1710 465 1775 et*
489 1712 617 1776 sincere
654 1712 848 1776 dileccionis
887 1712 1062 1777 aflectum.
1110 1713 1208 1776 Inter
1243 1712 1400 1777 nobilem

70 1811 140 1850 ⁶1²1·
233 1803 357 1880 virum,
384 1803 563 1868 dominum
589 1803 622 1886 J.
648 1803 680 1868 le
706 1805 832 1889 Bygot,
859 1810 895 1868 et
919 1804 1125 1888 magistrum
1152 1804 1329 1888 Rogerum
1354 1804 1400 1868 de

91 1872 156 1952 ilie.
233 1894 383 1980 Seytone
402 1915 505 1979 super
524 1895 664 1960 ecelesia
684 1896 727 1959 de
748 1896 908 1980 Rowlayl
929 1895 1063 1961 dudum
1083 1895 1238 1979 quadam
1257 1901 1398 1960 contro·

233 1987 345 2051 versia
355 1993 486 2064 exorta,
499 1987 641 2050 tandem
651 1987 961 2052 intervenientibus
972 1986 1143 2052 hincinde
1154 1987 1398 2053 amicabilibus

230 2079 488 2155 mediatoribus,
508 2079 636 2156 extitit,
656 2079 745 2144 sicut
755 2079 948 2156 didicimus,
961 2079 1162 2143 ordinatum
1173 2078 1270 2163 quod
1280 2078 1398 2145 dictus

231 2170 390 2235 dominus
420 2171 453 2254 J.
484 2171 527 2234 de
557 2171 651 2235 dicta
680 2171 821 2235 ecclesia
849 2171 1027 2255 quandam
1058 2177 1190 2235 certam
1219 2191 1396 2236 summam

230 2262 372 2346 pecunie
397 2262 586 2347 perciperet
611 2262 804 2336 annuatim,
820 2263 871 2327 ita
895 2262 990 2347 quod
1014 2268 1094 2346 post
1119 2262 1309 2328 cessionem
1334 2283 1398 2328 seu

231 2354 406 2418 decessum
422 2354 506 2418 dicti
520 2354 675 2438 magistri
691 2355 733 2418 R.
749 2354 891 2420 ecclesia
904 2355 1062 2438 predicta
1075 2354 1187 2418 eidem
1202 2353 1344 2419 domino
1359 2354 1395 2438 J.

231 2452 421 2510 remaneret
447 2446 548 2529 pleno
573 2447 671 2531 jure3
721 2467 829 2530 quam
854 2446 995 2530 quidem
1020 2445 1277 2511 ordinacionem
1303 2447 1396 2511 bone

229 2538 392 2602 memorie
407 2537 567 2602 dominus
581 2538 648 2614 W.,
664 2538 879 2622 predecessor
895 2544 1021 2615 vester,
1037 2545 1212 2622 quatenus
1226 2537 1263 2602 in
1278 2537 1395 2622 ipsum

229 2630 306 2707 fuit,
336 2637 449 2694 ratam
478 2630 601 2694 habuit
629 2635 664 2693 et
692 2636 882 2713 acceptam.
930 2629 1028 2708 Cum,
1057 2630 1187 2713 itaque,
1216 2629 1396 2714 predictus

228 2722 388 2786 dominus
410 2721 456 2804 J.,
481 2722 536 2786 cui
558 2721 747 2786 secundum
769 2722 916 2786 formam
939 2721 1169 2786 ordinacionis
1190 2721 1394 2807 hujusmodi

227 2813 354 2878 licebat
381 2814 417 2877 in
445 2814 576 2878 dictam
604 2814 791 2890 ecclesiam,
821 2820 991 2898 tanquam
1019 2814 1062 2877 de
1089 2814 1164 2898 Jure
1192 2820 1393 2892 vacantem,

228 2906 332 2970 libere
354 2906 495 2990 ingredi,
518 2926 639 2989 passus
661 2905 706 2969 sit
727 2926 789 2990 per
809 2926 882 2982 vos,
906 2906 995 2970 sicut
1018 2905 1224 2989 accepimus,
1247 2905 1394 2990 impedi-

228 3003 385 3062 mentum
404 3018 507 3081 super
517 2997 607 3062 illius
625 2997 778 3081 ingressu
789 2997 975 3081 quominus
993 2997 1145 3062 nancisci
1160 2997 1256 3062 valet
1274 2997 1395 3081 pacifi-

228 3110 305 3154 cam
319 3090 567 3172 possessiouem
586 3089 751 3173 ejusdem,
767 3110 840 3166 nos,
855 3089 916 3173 qui
929 3089 1085 3174 ejusdem
1100 3088 1225 3153 nobilis
1238 3109 1393 3154 commo-

228 3182 312 3246 dum
333 3187 369 3245 et
388 3183 583 3266 proiectum
603 3181 704 3265 pleno
725 3180 959 3245 desideramus
979 3181 1118 3257 aflectu,
1140 3181 1393 3265 paternitatem

227 3280 391 3351 vestram,
415 3295 484 3338 non
507 3273 622 3337 animo
644 3273 723 3350 levi,
746 3279 799 3338 set
821 3273 972 3338 multum
994 3293 1037 3336 ex
1059 3272 1173 3350 corde,
1197 3272 1395 3356 specialiter

227 3366 442 3449 requirimus,
455 3371 590 3430 attente
602 3370 761 3449 rogantes
772 3365 948 3449 quatinus,
960 3364 996 3428 id
1007 3363 1166 3429 benivole
1177 3363 1394 3430 ratificantes

226 3458 321 3542 quod
349 3479 370 3522 a
401 3458 637 3542 predecessore
666 3464 782 3522 vestro
812 3457 945 3522 factum
969 3476 1041 3521 esse
1060 3455 1251 3521 dinoscitur
1269 3455 1305 3519 in
1324 3457 1393 3522 hac

226 3557 336 3633 parte,
372 3549 465 3614 dicto
499 3549 639 3615 domino
673 3548 707 3631 J.
743 3549 873 3632 absque
907 3548 1112 3612 difficultate
1145 3548 1181 3611 in
1215 3548 1391 3631 prefatam

225 3642 402 3707 ecclesiam
434 3642 623 3706 secundum
655 3641 911 3706 ordinacionem
942 3646 1137 3743 pret-actam
1169 3639 1329 3717 liberum,
1361 3639 1392 3704 si

225 3735 350 3837 placet,
324 3734 501 3798 thabere
524 3733 770 3818 permittatis
761 3752 975 3817 1ngressum3
1014 3732 1050 3796 in
1073 3731 1139 3796 hiis
1162 3737 1198 3796 et
1222 3730 1297 3795 aliis
1320 3750 1391 3816 que

224 3826 337 3910 ipsum
354 3826 572 3910 contingunt,
590 3825 699 3890 nostri
716 3825 847 3890 intuitu
863 3828 1111 3926 prosequentes
1127 3822 1276 3887 eundem
1293 3823 1391 3888 omni

223 3939 293 4002 qua
311 3918 469 4003 poteritis
488 3918 602 4002 gracia
621 3924 655 3982 et
675 3917 816 3993 favore;
851 3922 887 3980 et
905 3917 981 3992 hoc,
1001 3915 1030 3980 si
1048 3915 1174 3999 placet,
1193 3913 1392 3998 specialiter

221 4011 348 4075 nostris
372 4011 530 4095 precibus
554 4017 589 4074 et
614 4029 741 4086 amore,
768 4009 819 4072 ita
842 4007 937 4092 quod
962 4007 1054 4072 idem
1078 4006 1239 4071 dominus
1264 4005 1298 4088 J.
1324 4006 1391 4072 has

220 4123 337 4187 preces
354 4109 491 4168 nostras
507 4102 572 4167 sibi
588 4102 739 4187 gaudeat
757 4099 935 4184 profuisse,
954 4104 989 4164 et
1005 4119 1069 4164 nos
1085 4098 1131 4163 ob
1147 4097 1181 4162 id
1201 4096 1392 4163 reddamur

221 4195 266 4259 ad
295 4201 475 4261 vestraet
504 4200 700 4260 vestrorum
728 4192 911 4257 commoda
939 4190 1182 4276 prompciores,
1213 4209 1284 4254 non
1314 4189 1390 4255 sine

220 4288 413 4372 graciarum
434 4286 617 4371 multiplici
639 4285 787 4351 accione.
834 4283 966 4348 Valete

55 4366 186 4490 ἓῗωοῖῑξο
265 4395 339 4464 593.
387 4380 452 4445 Die
473 4378 592 4444 Sancti
615 4377 708 4443 Petri
730 4376 776 4441 ad
797 4375 936 4441 vincula
958 4378 1059 4460 (Aug.
1085 4376 1129 4456 Ι),
1155 4373 1250 4440 1280.
1298 4373 1388 4440 Nas-

56 4470 206 4613 ’ᾛΞ
219 4476 387 4557 singtone.
435 4469 666 4536 Venerabili
658 4490 694 4533 m
722 4467 858 4534 Christo
886 4467 989 4551 patri,
1020 4472 1098 4545 etc,
1128 4466 1175 4549 J,
1205 4472 1391 4550 precentor

121 4566 205 4663 *⁹3¹³
640 4585 778 4648 ¹Rowley.
816 4583 865 4632 Fo.
883 4582 961 4633 123d.
