2994 4996
279 531 345 575 THE
368 531 532 576 REGISTER
551 531 594 576 OF
615 530 826 576 ARCHBISHOP
848 528 996 575 WILLIAM
1017 527 1218 574 WICKWANE.
1269 527 1328 590 243

216 684 290 767 598.
337 683 438 748 Same
471 683 552 749 date
584 683 653 749 and
685 683 792 768 place.
839 682 1030 767 Judgment
1062 682 1111 767 by
1141 682 1201 747 the
1233 682 1330 746 arch-

172 776 294 859 bishop
313 776 347 839 in
365 777 489 841 favour
506 778 542 841 oi
560 776 687 841 Master
706 775 837 840 Robert
855 774 897 839 de
915 775 1044 852 Lesset,
1062 775 1139 840 who
1157 773 1330 858 appeared

172 868 219 950 by
239 868 370 932 Walter
390 869 432 932 de
453 870 581 946 Lesset,
602 868 656 932 his
676 874 825 952 proctor‚
847 867 900 932 ior
920 866 997 931 iour
1016 866 1132 931 marks
1153 865 1220 929 due
1240 865 1330 930 from

173 959 285 1042 Roger
307 960 348 1023 de
366 960 552 1045 Hellesey,1
575 960 746 1044 chaplain,
770 960 823 1024 ior
844 959 904 1023 the
920 958 990 1023 sale
1005 958 1042 1022 oi
1063 957 1193 1023 certain
1215 957 1328 1035 fruits,

171 1051 282 1114 which
297 1072 383 1115 were
399 1053 540 1116 ordered
556 1059 593 1117 to
608 1052 651 1116 be
665 1051 747 1135 paid
763 1056 800 1116 at
815 1049 1018 1116 Martinmas
1034 1049 1206 1134 following
1219 1048 1330 1114 under

173 1164 193 1206 a
205 1144 348 1228 penalty
361 1145 397 1208 oi
410 1144 487 1208 four
498 1145 625 1219 marks,
639 1150 677 1208 to
689 1144 732 1208 be
744 1143 829 1208 used
842 1142 895 1207 for
907 1143 967 1207 the
980 1141 1092 1226 repair
1103 1142 1140 1206 oi
1151 1140 1328 1206 Stamford

173 1235 307 1319 Bridge‚
331 1236 400 1299 “in
421 1237 642 1300 reieccionem
663 1235 784 1300 Pontis
804 1235 890 1299 Belli
909 1233 1176 1300 convertenda.”

216 1342 289 1410 599.
338 1327 460 1391 Coram
489 1327 598 1404 vobis,
629 1326 815 1391 reverendo
844 1332 954 1411 patre,
984 1326 1124 1391 domino
1152 1325 1219 1404 W.,
1249 1330 1328 1404 eto,
1343 1339 1454 1381 F0·12⁴d·

172 1427 369 1501 proponunt
396 1425 430 1483 et
457 1419 577 1484 dicunt
602 1419 714 1484 clerici
739 1418 894 1503 dyocesis
919 1418 1156 1496 EboracensiS,
1183 1423 1329 1502 excepto

172 1511 452 1575 archidiaconatu
465 1511 736 1595 Rychemundie,
749 1510 844 1594 quod
855 1510 890 1575 in
902 1510 1160 1575 contribucione
1172 1509 1329 1575 facienda
1342 1491 1440 1597 ἔξω
1483 1590 1487 1595 .

172 1603 311 1666 domino
338 1610 466 1680 nostru,
495 1603 564 1688 regi
590 1603 711 1687 Anglie
738 1603 872 1680 illustri,
899 1602 1109 1667 unanimiter
1135 1601 1329 1667 concedunt
1342 1591 1493 1682 {ffffiffi

172 1695 281 1757 eidem
318 1695 486 1759 decimam
521 1695 763 1760 beneficiorum
799 1694 1104 1759 ecclesiasticorum
1139 1694 1329 1759 secundum
1342 1691 1493 1792 {gffiw

172 1787 388 1851 taxacionem
410 1787 673 1872 Nonvycensem
695 1787 789 1871 prius
811 1787 952 1864 iactam,
975 1792 1010 1852 et
1031 1806 1101 1851 non
1122 1787 1152 1851 si
1172 1786 1215 1851 de
1236 1806 1328 1852 novo
1342 1793 1486 1835 iustumne·

171 1879 375 1956 faciendam,
412 1900 473 1963 per
507 1881 593 1945 duos
629 1900 737 1945 annos
773 1879 982 1957 dumtaxat;
1019 1878 1070 1942 ita
1104 1878 1199 1962 qu'od
1234 1878 1329 1943 dicta

171 1970 303 2034 decima
321 1992 382 2055 per
400 1972 589 2036 ordinarios
607 1972 771 2049 locorum,
791 1971 847 2035 vel
865 1970 910 2035 ab
928 1971 1056 2036 eisdem
1076 1970 1273 2054 deputatos,
1293 1976 1328 2036 et

170 2083 239 2125 non
257 2084 317 2146 per
335 2064 428 2141 alios,
448 2064 627 2148 colligatur
642 2086 649 2142 ;
684 2070 720 2128 et
736 2062 831 2148 quod
848 2063 943 2128 dicta
960 2061 1095 2128 decima
1110 2063 1267 2128 solvatur
1283 2061 1329 2128 ad

171 2155 256 2218 duos
292 2156 456 2219 terminos
492 2156 584 2233 anni,
620 2155 805 2239 incipiente
839 2155 950 2238 primo
986 2154 1133 2220 termino
1168 2155 1204 2219 in
1239 2154 1328 2220 festo

171 2246 305 2311 Natalis
326 2247 476 2324 Domini,
498 2268 589 2311 anno
609 2247 720 2332 gracie
740 2247 960 2324 M⁰cc⁰Lxxx,
981 2252 1017 2311 et
1037 2247 1104 2312 alio
1124 2246 1272 2312 termino
1292 2247 1328 2311 in

170 2339 258 2402 festo
277 2339 482 2403 Natiuitatis
501 2339 601 2403 Beati
619 2339 788 2422 Johannis
807 2338 966 2423 Baptiste
978 2339 1141 2423 proximo
1158 2338 1327 2422 sequenti,

170 2436 205 2493 et
220 2431 268 2493 sic
283 2430 496 2495 terminatim
511 2451 619 2514 usque
634 2430 679 2495 ad
693 2431 854 2496 ultimam
868 2430 1077 2496 solucionem
1092 2453 1100 2508 ;
1129 2430 1196 2496 hoc
1210 2436 1328 2496 tamen

171 2521 307 2605 adjecto
328 2522 422 2606 quod
443 2523 507 2586 viri
528 2522 757 2601 ecclesiastici,
779 2528 854 2587 tam
873 2522 1021 2608 majores
1040 2543 1148 2606 quam
1167 2522 1327 2601 minores,

170 2615 397 2697 possessiones
414 2614 620 2699 temporales
636 2615 804 2686 habentes
832 2634 894 2698 pro
910 2614 1036 2699 quibus
1060 2614 1155 2698 prius
1177 2635 1328 2680 unacum

170 2706 264 2769 laicis
298 2706 474 2775 solverunt
509 2707 648 2771 domino
682 2706 752 2791 regi
785 2706 945 2790 quintam
978 2705 1159 2784 decimam,
1193 2706 1230 2771 in
1262 2707 1329 2772 hac

171 2798 427 2862 contribucione
438 2799 577 2864 domino
588 2799 658 2884 regi
671 2798 875 2877 faciendam,
888 2798 999 2863 eidem
1008 2797 1146 2864 solvant
1157 2797 1328 2864 decimam

171 2909 233 2972 pro
245 2910 336 2953 mere
352 2890 587 2974 spiritualibus
603 2896 754 2968 tantum,
768 2896 803 2956 et
816 2910 886 2955 non
901 2910 964 2974 pro
976 2890 1234 2974 temporalibus.
1253 2890 1328 2956 Ista

171 2989 267 3045 erant
289 2983 383 3046 iacta
404 2988 438 3046 et
452 3000 619 3047 'concessa
638 3003 700 3067 per
719 2983 847 3047 clerum
868 3002 983 3047 coram
1004 2982 1156 3060 domino,
1188 2982 1229 3048 v⁰
1249 2982 1327 3047 idus

170 3073 356 3151 Februarii,
372 3074 406 3137 in
420 3074 536 3158 vigilia
548 3074 674 3140 Sancte
687 3074 871 3140 Scolastice
884 3073 1043 3159 Virginis,
1058 3074 1152 3158 apud
1165 3074 1327 3140 Pontem-

170 3165 330 3242 iractum,
353 3187 443 3229 anno
464 3167 603 3230 Domini
623 3167 822 3251 supradicto
844 3165 940 3249 (Feb.
961 3184 993 3252 9,
1016 3165 1185 3252 1279·80).

213 3256 248 3320 Si
290 3278 332 3320 ex
373 3258 608 3341 probabilibus
650 3265 685 3323 et
726 3257 967 3324 verisimilibus
1007 3257 1327 3343 presumpcionibus
1340 3278 1404 3329 inq·
1444 3281 1469 3320 a

169 3350 366 3431 apparuerit
384 3350 544 3434 aliquem,
562 3350 715 3435 pensatis
732 3351 806 3434 ejus
822 3349 1059 3435 proventibus,
1076 3350 1192 3416 minus
1208 3348 1326 3415 debito
1340 3329 1408 3420 {ioue
1418 3341 1482 3421 rimo

168 3441 368 3505 notabiliter
385 3442 426 3505 de
444 3442 577 3507 decima
593 3442 805 3526 persolvisse,
824 3442 875 3507 ita
891 3441 986 3527 quod
1002 3460 1105 3527 super
1120 3443 1187 3507 hoc
1202 3441 1326 3508 merito
1338 3430 1402 3521 35¹8,
1430 3430 1492 3471 ‘¹²⁰⁰

168 3540 346 3616 suspectus
362 3534 485 3598 debeat
501 3534 663 3617 reputari,
675 3555 718 3598 ex
728 3533 838 3599 officio
852 3539 971 3599 nostro
984 3553 1046 3618 per
1054 3533 1147 3600 viros
1160 3533 1324 3619 ydoneos

168 3625 386 3708 deputandos
407 3647 427 3690 a
447 3627 556 3704 nobis,
578 3626 743 3691 faciemus
763 3625 889 3710 inquiri
909 3626 954 3691 ab
973 3625 1039 3691 illis
1058 3625 1119 3711 qui
1139 3645 1242 3711 super
1260 3625 1326 3693 hoc

167 3717 250 3780 scire
269 3719 408 3782 valeant
427 3718 621 3783 veritatem.

339 3809 637 3875 axrnmsuca
667 3811 732 3875 na
763 3809 893 3875 Anno
924 3808 1150 3876 secusino
1339 3785 1435 3827 ¹⁷⁰·¹⁹²·

211 3900 284 3964 600.
333 3902 450 3966 aidus
471 3902 564 3985 Sept.
589 3902 696 3986 (Sept.
721 3905 787 3985 12),
811 3901 906 3968 1280.
936 3901 1099 3967 Westone
1118 3902 1184 3968 sub
1204 3884 1434 3988 Eyressgffl

167 3993 357 4057 Venerabili
385 3994 419 4056 in
445 3993 579 4059 Christo
603 3994 695 4078 patri
719 4000 754 4059 et
779 3993 930 4071 domino,
943 3993 972 4059 si
994 3992 1113 4071 libeat,
1138 3993 1325 4059 reverendo
1338 3985 1465 4086 mli„

166 4084 316 4162 domin0,
331 4085 395 4148 Dei
407 4086 521 4169 gracia
533 4086 752 4164 Eboracensi,
766 4092 844 4164 etc,
858 4084 911 4164 G,
924 4084 1146 4171 permissione
1157 4084 1325 4172 Ejusdem
1339 4086 1491 4129 mml-

1338 4137 1454 4189 pomum

167 4177 303 4240 ecclesie
341 4177 596 4261 Wygomiensis
632 4178 799 4256 minister,
837 4177 985 4243 salutem
1022 4183 1057 4243 et
1094 4183 1196 4243 tanto
1231 4179 1325 4263 patri
1338 4190 1491 4278 ‘i'a‘i'm

168 4269 398 4332 reverenciam
441 4269 595 4334 debitam
639 4291 718 4335 cum
759 4270 899 4335 honore.
945 4269 1082 4336 Vicium
1123 4269 1327 4355 cupiditatis
1338 4288 1429 4329 mmo
1441 4287 1479 4329 the

169 4360 286 4424 abesse
314 4361 533 4444 presumitur,
561 4362 724 4446 quociens
750 4381 813 4448 pro
840 4367 957 4429 eterne
982 4360 1105 4429 salutis
1131 4360 1325 4441 eommod0,
1338 4341 1492 4480 &iffi

169 4473 237 4515 non
256 4473 318 4535 pro
337 4453 431 4516 lucro
451 4453 643 4538 temporali,
662 4454 755 4539 juste
773 4454 905 4540 petitur
922 4452 1018 4539 quod
1035 4459 1190 4540 optatur.
1224 4452 1326 4521 'Sane
1339 4438 1433 4531 „affl

166 4567 283 4632 1Helsay
296 4569 323 4617 in
334 4570 381 4617 the
391 4570 507 4633 margin,
517 4569 572 4618 and
587 4569 690 4634 Helsey
702 4569 731 4620 in
744 4570 792 4622 the
804 4570 912 4637 margin
920 4569 950 4620 oi
962 4569 1000 4621 io.
1013 4570 1072 4621 124.
1093 4568 1191 4635 ’Egga
1202 4568 1251 4623 Fo.
1264 4570 1324 4623 192.
1337 4538 1422 4632 Emi
