2994 4996
215 473 281 517 THE
304 461 467 518 REGIS'TER
487 475 529 520 OF
551 473 762 519 ARCHBISHOP
783 471 930 517 WILLIAM
951 471 1152 518 WICKWANE.
1204 453 1261 532 167

108 645 215 691 manu
239 626 377 710 publica
402 627 597 704 retinemus,
624 627 683 692 diu
708 632 771 703 est,
797 625 990 691 dederimus
1014 625 1050 690 in
1075 623 1260 701 mandatis

109 724 148 783 ut
163 739 199 782 se
214 719 249 782 in
264 718 413 784 crastino
427 719 546 785 Sancti
560 719 729 801 Johannis
745 718 913 802 Baptiste‚
929 718 995 782 hoc
1009 716 1154 782 instanti
1170 736 1260 781 anno

110 809 229 874 Gracie
254 810 477 874 M⁰oo⁰Lxxx⁰
499 811 619 895 primo,
649 831 728 874 cum
757 809 881 875 effectu
909 814 1081 893 pararent,
1111 807 1260 873 officium

109 900 320 966 visitacionis
336 909 462 978 nostre,
479 923 585 986 quam
602 902 683 990 ipsis
698 901 734 966 in
750 901 890 966 basilica
906 901 995 966 sedis
1011 900 1165 985 ejusdem
1182 920 1261 964 curn

111 994 204 1059 omni
219 993 397 1058 dulcedine
411 995 509 1058 suavi
524 994 719 1077 impendere
733 992 827 1058 cordi
849 992 1142 1077 quamplurimum
1163 990 1263 1056 nobis

111 1093 195 1163 erat,
222 1085 411 1150 secundum
435 1086 520 1169 juris
545 1085 755 1170 exigenciam
780 1091 985 1168 recepturos
1032 1084 1131 1161 Ecce,
1158 1103 1260 1159 nunc,

111 1185 190 1262 post
224 1177 414 1242 adventum
447 1183 604 1242 nostrum
637 1177 672 1241 in
705 1176 863 1260 partibus
895 1175 980 1252 istis,
1015 1196 1057 1241 ex
1090 1174 1262 1259 frequenti
1274 1231 1320 1272 The

111 1269 277 1334 relacione
307 1268 458 1333 fidelium
489 1269 684 1333 audivimus
712 1289 775 1352 pro
804 1268 988 1346 constanti,
1018 1266 1113 1351 quod
1141 1244 1388 1372 qum'lfftiffia
1430 1264 1436 1279 '

112 1361 224 1445 plures
239 1360 431 1444 iniquitatis
445 1360 515 1438 filii,
531 1360 687 1425 sedentes
706 1359 741 1424 in
759 1359 888 1424 insidiis
903 1380 944 1424 ac
961 1359 1072 1424 solum
1086 1364 1262 1423 versantes
1275 1345 1378 1423 laeuone

113 1454 148 1517 in
170 1453 329 1517 manibus
351 1459 386 1516 et
408 1452 508 1516 corde
530 1453 679 1537 maligno
701 1451 797 1517 dolos
819 1457 853 1515 et
876 1451 988 1515 obices
1009 1471 1070 1534 per
1091 1455 1260 1525 cementa,
1275 1433 1392 1540 ἓῖξζῗιῧῄ

114 1566 182 1609 non
204 1544 314 1609 solum
337 1550 517 1609 extraneas
539 1550 573 1609 et
596 1543 785 1627 incognitas
809 1543 1044 1608 immunitates
1065 1541 1261 1626 singulares,
1275 1513 1405 1631 ζῗςξξξξοῗ

113 1643 234 1702 contra
257 1635 483 1700 universalem
507 1642 542 1701 et
566 1635 736 1701 notoriam
760 1632 1420 1723 ordinariamJ'urisdiccionem{1113111111101313‘110to

113 1734 278 1805 nostram,
296 1749 336 1791 ac
351 1727 459 1792 eciam
474 1734 594 1793 contra
609 1726 800 1812 generalem
815 1725 1016 1790 universalis
1033 1725 1170 1792 ecclesie
1186 1744 1264 1790 con·
1277 1733 1375 1824 gem

113 1820 329 1885 suetudinem
356 1827 391 1883 et
417 1840 546 1884 morem
572 1818 726 1884 omnium
751 1817 1095 1901 metropolitanorum
1119 1816 1264 1882 ubilibet
1277 1833 1369 1874 chuto-

114 1912 346 1988 observatum,
362 1932 424 1995 pro
437 1911 536 1976 libito
550 1932 611 1975 suo
625 1909 767 1974 subdole
781 1916 816 1974 et
830 1909 916 1974 falso
931 1910 1141 1994 confingunt,
1156 1909 1265 1974 solam

115 2003 380 2068 diuturnitatem
399 2002 562 2087 temporis
582 2001 780 2078 invalidam,
801 2006 835 2066 et
854 2000 985 2066 nullam
1004 2001 1107 2066 aliam
1126 2003 1265 2065 causam

112 2094 168 2159 vel
189 2094 330 2159 titulum
351 2095 499 2178 aliquem
519 2093 726 2178 allegantes;
766 2113 802 2158 se
822 2092 930 2157 eciam
949 2099 1063 2158 erecta
1082 2091 1212 2158 cervice
1232 2097 1267 2156 et

116 2187 231 2250 animo
263 2186 455 2261 infnmit0,l
488 2191 609 2249 contra
640 2184 876 2250 visitacionem
907 2191 1061 2249 nostram
1093 2191 1127 2250 et
1158 2183 1267 2249 nostri

116 2278 338 2342 excercicium
356 2277 467 2353 officii,
487 2283 706 2342 contumaces
724 2297 811 2342 ausu
828 2275 989 2361 sacrilego
1006 2297 1067 2360 per
1084 2277 1214 2360 nephas
1232 2281 1267 2340 et

116 2370 295 2434 obstacula
311 2369 460 2433 actualia
482 2375 667 2453 preparant
684 2376 719 2432 et
736 2367 886 2445 rebelles,
903 2368 938 2432 in
954 2388 1058 2453 grave
1075 2368 1267 2433 animarum

117 2483 256 2526 suarum
273 2461 461 2544 periculum
478 2482 518 2525 ac
535 2459 758 2525 ecclesiastice
774 2459 944 2525 libertatis
960 2467 995 2524 et
1011 2459 1268 2544 metropolitani

115 2553 200 2637 juris
239 2553 347 2617 nostri
385 2552 613 2636 prejudicium
652 2551 884 2616 manifestum.
931 2551 1113 2635 Quoniam,
1153 2551 1267 2636 igitur,

118 2645 275 2728 exempla
308 2644 521 2728 presencium
555 2663 675 2708 cavere
709 2663 771 2707 nos
806 2650 1008 2727 premonent
1043 2643 1078 2707 in
1112 2643 1269 2708 futurum

117 2737 281 2801 dantibus
295 2736 507 2800 occasionem
522 2735 600 2800 huic
614 2735 785 2819 processui
799 2741 833 2800 et
848 2735 941 2800 iacto
955 2741 1083 2812 nostre,
1098 2732 1270 2819 preteritis

117 2828 347 2912 quorumdam
363 2828 471 2912 culpis
487 2834 521 2891 et
532 2826 679 2904 offensis,
691 2826 734 2890 de
743 2826 869 2911 quibus
879 2846 940 2910 per
949 2826 1092 2904 litteras,
1103 2825 1272 2890 mandata

119 2920 223 2997 dicta,
250 2926 284 2984 et
309 2920 412 2997 iacta,
439 2925 549 2984 certas
573 2919 788 3002 conjecturas
812 2917 1040 2983 verisimiliter
1063 2917 1270 3002 optinemus,

119 3032 192 3088 nos,
206 3013 262 3095 jus
276 3018 311 3075 et
325 3010 521 3075 libertatem
535 3009 672 3075 ecclesie
686 3016 801 3075 nostre
816 3015 850 3075 et
864 3016 1033 3087 nostrum,
1048 3009 1091 3074 de
1104 3030 1174 3094 quo
1188 3008 1272 3074 certi

119 3124 248 3180 sumuS,
290 3103 393 3167 armis
432 3102 558 3186 quibus
597 3123 779 3185 possumus
817 3100 1053 3186 spiritualibus
1092 3100 1273 3166 defendere

116 3195 344 3270 intendentes
365 3194 571 3259 auctoritate
588 3193 652 3257 Dei
666 3193 779 3258 Patris
793 3192 1059 3276 OmnipotentiS,
1075 3214 1115 3258 ac
1129 3193 1273 3277 gloriose

120 3286 268 3370 Virginis
284 3286 398 3363 Marie,
415 3293 449 3350 et
465 3285 564 3349 Beati
579 3284 672 3350 Petri
686 3284 854 3368 Apostoli,
869 3285 1007 3368 patroni
1020 3284 1140 3362 nostri,
1156 3303 1274 3349 omnes
1286 3294 1332 3335 The
1343 3290 1433 3383 Ἣ,

121 3378 196 3442 illos
211 3386 246 3442 et
261 3378 420 3461 singulos
436 3377 497 3461 qui
511 3377 758 3453 visitacionem,
774 3375 1059 3460 jurisdiccionem,
1075 3383 1110 3440 et
1125 3374 1274 3441 officium
1287 3353 1386 3452 ἓῗὲιᾚ

122 3476 290 3546 nostrum,
313 3470 348 3532 in
370 3468 532 3552 predictis
554 3474 589 3533 et
611 3468 700 3532 circa
722 3489 772 3545 ea,
795 3467 907 3532 modis
928 3467 1090 3552 predictis
1111 3467 1167 3532 vel
1189 3466 1273 3544 aliiS,
1287 3442 1441 3534 lffiia‘um

123 3582 183 3644 per
203 3561 384 3637 maliciam,
407 3567 468 3624 aut
489 3560 656 3636 fraudem,
677 3559 732 3624 vel
753 3559 925 3643 injuriam,
946 3560 1114 3625 hactenus
1133 3558 1275 3643 impedi·
1288 3542 1423 3645 &2²33

123 3659 259 3729 verunt,
275 3673 334 3717 seu
348 3651 505 3735 impediri
520 3652 684 3728 iecerunt,
701 3658 762 3715 aut
777 3650 933 3716 decetero
947 3650 1201 3735 impediverint,
1215 3670 1276 3715 seu
1289 3644 1386 3736 Qus.

125 3744 281 3827 impediri
302 3744 443 3808 fecerint
464 3743 519 3806 vel
538 3743 807 3827 procuraverint,
829 3742 922 3808 iacto
942 3741 997 3807 vel
1016 3742 1133 3821 verbe,
1153 3741 1278 3807 litteris

125 3837 179 3899 vel
192 3835 335 3912 nunciiS,
349 3835 437 3900 clam
451 3834 505 3898 vel
517 3834 643 3918 palam,
657 3855 718 3918 per
729 3855 765 3898 se
776 3834 832 3898 vel
844 3835 960 3912 alium,
974 3832 1124 3912 consili0,
1138 3833 1276 3911 auxilie,
1291 3845 1329 3887 ro.
1338 3842 1388 3887 ³⁷⁶L

125 3948 302 4004 consensu,
317 3927 444 4004 favore,
465 3927 520 3991 vel
538 3926 622 3990 alias
634 3947 773 4010 quoquo
786 3926 900 4003 mode,
913 3926 978 3990 nisi
996 3925 1086 3991 infra
1104 3931 1183 3991 octo
1195 3924 1277 4002 dies,

126 4040 187 4104 pro
210 4019 301 4083 trina
323 4018 514 4083 monicione
536 4018 788 4101 computandos
810 4038 832 4082 a
853 4023 1008 4102 tempore
1029 4016 1154 4083 noticie
1176 4017 1280 4101 hujus

126 4132 303 4195 processus
335 4111 453 4187 nostri,
487 4109 689 4194 resipuerint
721 4109 925 4192 penitentes,
958 4115 993 4174 et
1025 4109 1141 4174 animo
1172 4127 1280 4192 prono

127 4202 273 4266 fideliter
292 4208 325 4267 et
345 4223 424 4266 curn
444 4201 569 4266 effectu
587 4200 821 4266 satisfaciendi
839 4200 939 4266 nobis
958 4200 1000 4265 de
1019 4200 1145 4286 injuria
1162 4199 1281 4284 hujus-

127 4295 220 4358 modi
246 4293 440 4358 destiterint
465 4314 486 4358 a
510 4293 729 4378 presumptis,
755 4292 791 4357 in
814 4291 879 4357 hii,
902 4292 1038 4377 scriptis
1061 4290 1283 4376 solempniter

126 4396 160 4450 et
201 4385 339 4471 publica
388 4385 595 4450 auctoritate
643 4383 896 4468 metropolitica
935 4383 1283 4461 excommunicamus

599 4498 654 4548 1Se
668 4499 808 4564 repeated.
