2994 4996
171 453 231 530 306
279 469 345 515 THE
368 469 531 516 REGISTER
552 470 593 515 OF
615 469 827 515 ARCHBISHOP
848 469 996 515 WILLIAM
1017 468 1222 515 WICKWANE.

170 633 205 692 et
246 634 432 712 pastorem,
474 633 741 713 presentataque
781 626 881 693 nobis
921 625 1089 693 eleccione
1129 625 1335 712 hujusmodi

170 719 287 786 taliter
302 719 344 784 de
360 726 395 785 te
411 720 516 797 facta,
534 725 569 784 et
584 718 865 804 procuratoribus
880 718 965 784 dicti
980 718 1134 805 capituli,
1153 740 1196 784 ac
1211 719 1333 785 eodem

169 811 303 877 Thoma
317 811 359 876 de
374 812 566 898 Corbrigge‚
582 811 676 877 illam
690 811 889 897 petentibus
903 811 1109 889 confirmari,
1125 809 1333 877 eleccionem

6 929 121 970 examina
170 903 315 969 eandem
328 925 389 989 per
402 903 634 969 venerabilem
648 905 791 969 fratrem
816 903 1101 969 Bralliavensem1
1116 902 1332 988 episcopum,

5 980 130 1072 Qum
169 1001 205 1060 et
222 995 364 1061 dilectos
380 996 467 1061 filios
483 1003 629 1074 nostros,
647 995 701 1073 G,
718 995 813 1061 tituli
829 994 948 1061 Sancti
964 995 1071 1061 Marci
1086 994 1333 1081 presbiterum,

169 1094 205 1153 et
225 1087 283 1165 Μ,
304 1087 429 1153 Sancte
448 1088 582 1152 Marie'
574 1108 609 1153 111
630 1088 769 1153 Ρο111111
789 1087 984 1166 diaconum,
1005 1086 1207 1165 cardinales
1228 1087 1334 1193 juxta

169 1179 312 1246 modum
341 1201 445 1265 quern
474 1180 510 1244 in
539 1180 604 1245 hoc
634 1180 793 1245 Romana
822 1186 938 1245 servat
967 1179 1109 1245 ecclesia
1137 1179 1334 1246 examinari

170 1271 312 1338 fecimus
326 1272 515 1376 diligenter.
562 1272 610 1337 Et
624 1272 707 1357 quia
721 1271 832 1337 omnis
846 1271 986 1337 collario
1000 1272 1036 1337 in
1051 1271 1145 1338 dicta
1160 1271 1334 1339 eleccione

6 1376 29 1417 1t
6 1377 74 1476 ’qh
76 1426 109 1476 ed
170 1364 403 1448 reperiebatur
413 1385 549 1439 omissa
562 1363 753 1448 predictam
764 1364 979 1441 eleccronem,
997 1384 1068 1429 non
1082 1384 1173 1430 vrcro
1183 1383 1334 1448 persone

5 1437 134 1578 &Zmin
169 1456 391 1533 cassavimus,
415 1463 468 1522 set
490 1456 629 1541 justicia
652 1456 820 1542 exigente,
845 1462 880 1521 et
914 1456 1138 1541 postmodum
1171 1456 1336 1541 specialis

5 1577 103 1617 vaona
127 1548 324 1613 caritatis
352 1548 516 1614 affectum
544 1568 647 1652 quem
675 1549 720 1614 ad
747 1549 920 1634 prefatam
947 1548 1124 1615 ecclesiam
1152 1567 1174 1613 a
1201 1549 1336 1616 nostris

5 1627 125 1718 mm„
169 1661 267 1725 quasi
259 1640 479 1724 primordiis
496 1640 671 1726 gessimus,
690 1646 725 1705 et
743 1661 812 1725 quo
829 1640 923 1705 illam
941 1639 1106 1706 continua
1122 1660 1336 1709 rememora·

4 1728 196 1827 ζξῐξζξξωὼ
169 1753 265 1797 110111
286 1732 540 1837 prosequimur,
569 1732 659 1798 infra
685 1739 804 1798 nostra
831 1732 1008 1817 precordia
1035 1732 1270 1812 revolventes,
1298 1739 1337 1800 et

5 1828 154 1929 gppffigtgg
169 1824 238 1889 de
229 1824 336 1909 1psius
354 1824 548 1909 provisione
567 1824 644 1890 utili
662 1832 697 1890 et
716 1824 855 1902 salubri,
874 1845 917 1889 ne
936 1824 1127 1910 prolixioris
1147 1786 1337 1910 dispendia

169 1916 362 1982 vacacionis
396 1917 593 1994 incurreret,
628 1917 702 2003 cogi
704 1923 830 1995 t,antes
864 1923 899 1982 et
934 1917 979 1982 ad
1011 1936 1194 2001 personam
1232 1924 1337 1985 tuam

169 2029 276 2094 quarn
309 2008 394 2074 odor
427 2008 518 2074 fame
551 2008 650 2075 nobis
684 2008 797 2074 reddit
827 2015 1020 2113 acceptam,
1055 2029 1134 2074 cum
1167 2008 1338 2078 habearis

168 2101 222 2165 vir
253 2101 325 2166 vite
356 2100 539 2166 laudabilis
572 2107 607 2165 et
639 2101 911 2166 conversacionis
943 2102 1097 2178 honeste,
1128 2098 1337 2170 litterarum

167 2192 313 2258 sciencia
339 2193 505 2277 preditus,
534 2193 749 2258 discrecionis
777 2193 980 2259 maturitate
1008 2192 1227 2278 conspicuuS,
1256 2214 1338 2280 pre·

166 2285 278 2350 clarus
311 2285 452 2363 meritis
487 2291 522 2350 et
555 2284 639 2350 alias
671 2285 706 2350 in
739 2285 975 2370 spiritualibus
1008 2292 1043 2351 et
1076 2286 1337 2369 temporalibus

167 2377 444 2461 circumspectus,
465 2383 623 2442 nostrum
643 2376 827 2464 dirigentes
847 2378 1022 2455 affectum,
1044 2383 1225 2462 sperantes
1245 2400 1338 2465 quo-

167 2490 234 2553 que
273 2470 377 2554 quod,
405 2469 595 2535 virtutibus
633 2468 812 2535 desursum
851 2469 915 2535 tibi
955 2469 1092 2535 traditis
1130 2468 1336 2556 insignitus

167 2562 312 2627 eandem
329 2561 505 2627 ecclesiam
521 2561 660 2639 salubri,
678 2561 783 2626 dante
800 2562 960 2640 Domino,
979 2561 1140 2649 regimine
1156 2563 1337 2647 guberna·

167 2654 230 2731 bis,
257 2654 400 2738 ipsaque
425 2654 519 2719 utilis
544 2653 691 2738 presidio
716 2653 852 2719 munita
877 2654 1025 2739 pastoris
1050 2653 1180 2739 optatis
1207 2655 1336 2723 affluet

167 2746 396 2824 incrementis,
427 2752 473 2824 te,
503 2751 587 2811 tunc
616 2746 856 2811 cancellarium
884 2746 1022 2812 ecclesie
1050 2752 1255 2826 memorate,
1290 2749 1335 2815 de

166 2839 314 2903 fratrum
340 2844 536 2903 nostrorum
557 2838 696 2903 consilio
716 2844 751 2903 et
772 2838 957 2923 apostolice
977 2837 1190 2923 plenitudine
1211 2846 1335 2926 potes·

167 2930 262 3008 tatis,
274 2930 385 2995 eidem
397 2930 534 2995 ecclesie
545 2930 739 3015 preficimus
750 2931 785 2995 in
798 2930 1090 3016 archiepiscopum
1101 2936 1137 2994 et
1148 2937 1333 3015 pastorem

167 3022 299 3106 tibique
323 3041 448 3087 munus
472 3022 738 3088 consecracionis
762 3022 804 3087 de
827 3022 954 3088 nostris
977 3023 1137 3088 manibus
1161 3021 1333 3093 duximus

166 3114 433 3199 inpendendum.
481 3115 647 3199 Quocirca
686 3115 897 3180 fraternitati
936 3121 995 3180 tue
1034 3135 1095 3199 per
1134 3117 1332 3199 apostolica

165 3206 294 3291 scripta
313 3207 519 3272 mandamus
538 3207 713 3291 quatinus,
734 3207 923 3291 inpositum
942 3206 1007 3272 tibi
1026 3227 1113 3272 onus
1132 3227 1153 3272 a
1172 3207 1331 3276 Domino

165 3299 291 3364 devote
317 3299 515 3383 suscipiens,
543 3299 592 3364 sic
618 3320 735 3365 curam
763 3305 798 3364 et
825 3298 1162 3365 administracionem
1189 3301 1330 3384 prefate

165 3390 391 3456 Eboracensis
413 3391 550 3456 ecclesie
572 3391 752 3477 diligenter
773 3411 886 3477 gerere
921 3392 1061 3457 studeas
1083 3397 1119 3456 et
1140 3389 1330 3460 salubriter

165 3505 205 3549 ac
220 3483 352 3549 utiliter
372 3483 599 3568 prosequaris
622 3484 716 3569 quod
730 3484 805 3568 ipsa
821 3484 885 3549 sub
907 3490 970 3549 tua
990 3483 1173 3570 vigilancia
1194 3484 1328 3552 votivis

165 3575 350 3660 amplietur
383 3575 583 3653 commodis,
618 3582 654 3640 et
688 3575 723 3640 in
758 3575 927 3653 omnibus,
963 3575 1082 3640 divina
1116 3584 1326 3659 cooperante

165 3668 360 3745 clemencia,
399 3688 559 3752 prospere
598 3668 776 3753 dirigatur,
817 3675 924 3753 tuque
962 3674 1118 3733 nostram
1155 3673 1191 3731 et
1231 3668 1326 3736 dicte

164 3760 261 3826 Sedis
281 3760 431 3846 graciam
452 3759 586 3837 exinde,
608 3767 777 3845 tanquam
798 3759 1048 3825 benediccionis
1068 3765 1103 3824 et
1124 3758 1325 3827 obediencie

164 3853 264 3930 filius,
287 3852 425 3918 uberius
446 3853 608 3936 consequi
629 3852 799 3917 merearis.

208 3945 308 4011 Same
333 3945 424 4010 date.
473 3944 636 4010 Mandate
661 3945 750 4010 from
775 3945 834 4009 the
858 3964 947 4029 pope
971 3950 1009 4009 to
1034 3944 1093 4009 the
1117 3943 1262 4028 chapter
1287 3946 1324 4012 of

164 4037 270 4114 York,
285 4037 526 4122 admonishing
538 4037 634 4102 them
648 4045 685 4102 to
698 4058 768 4121 pay
781 4037 965 4102 obedience
978 4042 1016 4101 to
1029 4037 1088 4102 the
1102 4035 1323 4123 archbishop.

208 4128 394 4195 Nicholaus
415 4129 605 4214 episcopus
627 4135 705 4207 etc,
726 4128 935 4194 karissimo
927 4150 963 4193 1n
992 4128 1127 4194 Christo
1147 4127 1229 4206 filio,
1250 4129 1323 4216 regi

163 4221 284 4307 Anglie
322 4221 457 4299 illustri,
497 4221 656 4299 salutem,
696 4227 761 4286 etc.
809 4220 934 4286 Divine
972 4219 1087 4306 gracia
1125 4219 1323 4304 majestatis
1402 4282 1405 4291 .

195 4336 242 4384 1Ι11
290 4337 337 4385 the
390 4336 480 4400 Papal
524 4337 622 4386 Letters
669 4337 717 4385 the
766 4336 894 4400 presided
907 4349 974 4385 over
986 4334 1195 4410 byacardmal
1203 4334 1319 4393 deacoo,

163 4405 352 4452 examination
363 4404 392 4452 of
403 4403 450 4451 the
460 4403 593 4452 electron
586 4417 609 4451 1s
622 4403 715 4452 stated
766 4407 797 4451 at
812 4403 868 4451 this
887 4402 954 4450 time
973 4402 1070 4451 united
1084 4406 1114 4450 to
1136 4399 1223 4459 Ostia,
1243 4407 1319 4452 most

165 4472 282 4519 tohave
304 4471 373 4518 been
396 4471 478 4518 made
499 4470 537 4533 by
560 4470 635 4518 three
657 4484 715 4518 car·
766 4469 913 4521 resembles
928 4469 974 4520 the
985 4483 1067 4518 name
1080 4468 1107 4516 in
1122 4468 1170 4517 the
1184 4471 1253 4518 text.

163 4478 260 4588 dinals.
297 4537 411 4586 Velletri
388 4551 418 4594 rr,
445 4551 497 4585 one
519 4537 547 4584 of
579 4537 626 4585 the
657 4550 715 4589 sees
