2994 4996
234 481 292 542 182
342 498 409 542 THE
431 497 594 544 REGISTER
615 497 657 541 OF
678 497 889 543 ARCHBISHOP
910 498 1058 542 WILLIAM
1079 484 1281 543 wic-KWAN'E.

231 650 408 735 capellano
428 649 558 715 domini
576 671 676 734 pape,
696 651 860 715 canonico
878 656 997 716 nostro
1015 649 1223 728 Suwellensi,
1243 648 1393 714 salutem

232 762 311 807 cum
332 742 426 806 omni
448 742 676 826 prosperitate
697 749 733 806 et
754 742 892 806 honore.
940 741 1106 807 Letamur
1126 743 1161 806 in
1183 740 1335 807 Domino
1357 746 1393 806 et

232 833 422 918 gaudenter
443 834 479 898 in
502 840 576 898 tam
599 834 731 918 egregio
754 833 823 899 filio
846 835 1070 918 gratulamur,
1093 833 1188 919 quod
1213 854 1276 898 vos
1298 833 1394 897 Deus

231 927 331 990 nobis
353 926 389 990 in
411 925 606 1011 adjutorem
628 933 663 990 et
685 924 923 991 sollicitudinis
945 931 1061 991 nostre
1082 930 1317 1011 promotorem
1338 923 1391 989 sui

232 1017 347 1102 gracia
377 1018 450 1102 jam
482 1018 645 1101 providit.
704 1017 823 1082 Amice
852 1018 1037 1102 predilecte
1066 1024 1102 1082 et
1130 1016 1289 1095 amande,
1318 1017 1393 1102 jam

233 1109 431 1174 imminentl
482 1110 581 1174 nobis
630 1109 832 1194 gravissima
879 1115 914 1173 et
970 1109 1078 1175 ardua
1125 1108 1276 1195 negocia,
1329 1129 1393 1174 nos

235 1207 270 1266 et
334 1201 510 1266 eeclesiam
570 1208 724 1266 nostram
781 1202 1033 1266 Eboracensem
1088 1202 1153 1267 sub
1203 1199 1393 1285 ignominia

235 1293 417 1378 tangencia
458 1300 493 1357 et
531 1293 665 1370 rubore,
700 1299 770 1377 'que
798 1300 899 1358 tanto
930 1294 1041 1359 amico
1073 1299 1108 1358 et
1151 1293 1322 1370 benivolo,
1356 1292 1392 1356 in

234 1406 304 1470 quo
372 1405 469 1469 spem
530 1391 739 1469 oportunam
801 1385 1012 1469 concipimus
1067 1385 1275 1470 resurgendi,
1331 1404 1393 1469 per

234 1476 455 1542 secretarium
481 1483 650 1555 nostrum,
681 1476 909 1541 exhibitorem
951 1477 1176 1562 presencium,
1221 1497 1265 1542 ex
1311 1496 1392 1542 con·

233 1569 380 1634 fidencia
440 1568 678 1646 denudamus;
744 1568 816 1653 qui,
870 1569 899 1634 si
959 1570 1084 1654 placet,
1145 1589 1294 1634 merores
1355 1576 1391 1633 et

234 1661 410 1746 angustias
439 1667 585 1738 nostras
615 1682 682 1746 que
711 1661 810 1726 nobis
838 1661 975 1726 noviter
1002 1667 1249 1739 successerunt,
1279 1660 1391 1738 vobis,

232 1754 298 1818 sub
322 1753 389 1818 oris
412 1753 627 1838 compendio,
652 1759 793 1837 propter
816 1753 952 1818 crebras
976 1754 1221 1838 occupaciones
1245 1759 1391 1830 vestraS,

233 1845 363 1929 absque
381 1845 465 1910 tedii
483 1851 609 1923 tractu,
628 1865 730 1929 super
747 1845 922 1909 delacione
939 1845 1048 1910 crucis
1065 1852 1182 1911 nostre
1198 1865 1260 1930 per
1277 1850 1392 1911 totam

232 1937 392 2021 Angliam
415 1937 607 2015 deferende,
638 1937 674 2001 in
697 1937 796 2022 cujus
835 1938 1057 2022 possessione,
1081 1937 1137 2002 vel
1173 1937 1284 2022 quasi,
1316 1957 1393 2022 pre·

232 2028 423 2094 decessores
478 2029 587 2093 nostri
637 2029 828 2094 extiterunt
884 2034 919 2094 et
964 2029 1196 2116 Decretalium
1246 2028 1394 2114 epistola

232 2127 502 2198 commemorat3
530 2142 636 2204 quam
655 2121 913 2204 possessionem,
933 2122 989 2185 vel
1004 2121 1114 2205 quasi,
1131 2121 1291 2186 dominus
1305 2121 1394 2186 Can-

232 2213 414 2278 tuariensis
430 2234 522 2277 nunc
538 2214 739 2297 perturbare
755 2214 923 2278 hactenus
939 2234 1009 2277 non
1025 2214 1184 2292 cessavit,
1197 2218 1394 2278 reverenter

231 2305 354 2369 referet
369 2304 443 2370 vice
457 2311 586 2370 nostra.
635 2306 709 2389 Que
724 2305 863 2389 insuper
876 2305 1035 2370 luctuosa
1049 2305 1190 2391 negocia
1204 2298 1393 2370 venerabili

230 2397 322 2481 patri
354 2403 390 2461 et
422 2397 573 2475 domino,
608 2418 744 2462 summo
779 2397 945 2481 pontifici,
978 2418 1019 2461 ac
1051 2397 1191 2463 domino
1224 2396 1391 2480 Jordano,

231 2489 406 2566 cardinali,
435 2489 534 2573 plene
564 2509 625 2573 per
650 2488 805 2554 litteram
833 2489 1059 2566 nunciamus;
1115 2490 1180 2567 cui,
1209 2489 1238 2554 si
1265 2489 1392 2574 placet,

232 2582 379 2646 obtentu
407 2581 472 2645 Dei
500 2587 535 2645 et
565 2581 685 2657 nostri,
715 2581 761 2645 ad
789 2581 1050 2665 respiracionem
1078 2588 1234 2646 nostram
1261 2581 1297 2645 in
1325 2580 1392 2646 hiis

232 2673 357 2738 nostris
382 2694 522 2756 precum
536 2673 709 2756 primiciis
723 2674 812 2737 sicut
827 2673 956 2738 amicus
969 2673 1194 2750 firmissimus,
1208 2672 1390 2751 assistatis,

232 2771 267 2829 et
287 2786 348 2848 per
366 2765 431 2828 Dei
449 2765 599 2849 graciam
619 2765 654 2828 in
673 2771 860 2848 conspectu
878 2764 1058 2848 presertim
1077 2765 1246 2830 Altissimi
1263 2764 1391 2850 gaude-

233 2857 316 2922 bitis
346 2857 388 2920 de
417 2856 544 2921 labore.
592 2857 667 2933 Isti,
684 2857 803 2932 eciam,
823 2857 948 2922 nuncio
978 2863 1097 2922 nostro
1126 2857 1324 2935 confidenti,
1355 2857 1392 2921 in

233 2949 536 3033 impetracionibus
552 2955 587 3014 et
603 2949 743 3033 agendis
758 2949 828 3013 suis
843 2969 906 3032 pro
922 2949 1006 3026 Deo,
1023 2953 1198 3033 quantum
1211 2948 1392 3014 commode

230 3041 399 3125 poteritis,
415 3041 451 3105 in
470 3041 617 3105 consiliis
633 3046 668 3104 et
683 3041 840 3125 congruis
856 3041 1011 3124 presidiis
1026 3042 1184 3106 faveatis.

68 3180 208 3219 mmmm
276 3146 358 3210 Dat.
383 3152 424 3210 ut
448 3166 562 3229 supra.
608 3145 675 3222 W.,
699 3150 777 3221 etc,
801 3145 988 3228 predilecto
1011 3152 1046 3209 et
1069 3145 1257 3211 confidenti
1280 3145 1392 3210 amico

67 3230 219 3328 {legssffiglg
233 3259 306 3315 su0,
341 3238 482 3302 domino
515 3236 717 3313 Senebaldo,
752 3236 938 3301 camerario
972 3237 1148 3301 reverendi
1182 3244 1217 3303 et
1251 3237 1392 3302 amandi

67 3331 177 3370 chamber-
233 3330 353 3414 patriS,
365 3329 495 3394 domini
506 3328 646 3405 Mathei,
657 3335 872 3393 sacrosancte
884 3329 1039 3393 Romane
1050 3329 1187 3394 ecclesie
1197 3329 1392 3408 cardinalis

63 3381 108 3420 lain
118 3381 141 3420 ol

65 3431 171 3521 ffiffissl,
234 3422 381 3487 salutem
398 3428 433 3487 et
450 3442 529 3485 cum
545 3420 635 3485 felici
650 3421 878 3504 prosperitate
895 3421 1045 3505 seipsum
1062 3421 1107 3485 ad
1123 3421 1339 3505 beneplacita
1356 3427 1392 3486 et

173 3512 178 3523 '
234 3514 389 3578 honores.
437 3513 582 3577 Recenti
619 3533 728 3596 nuper
765 3519 800 3577 et
839 3513 920 3576 reali
958 3513 1172 3597 experiencia
1209 3513 1392 3578 didicimus

234 3613 367 3691 quanta
399 3605 610 3670 confidencia
642 3605 687 3668 ad
719 3605 888 3689 retugium
921 3605 1012 3670 tanti
1044 3605 1194 3670 benivoli
1226 3626 1322 3690 spem
1357 3613 1393 3672 et

234 3699 389 3762 animum
424 3703 581 3762 nostrum
622 3696 808 3761 debeamus
847 3696 1024 3761 audaciter
1063 3697 1245 3781 applicare,
1280 3704 1315 3763 et
1349 3699 1393 3763 de

234 3790 458 3874 benignitate,
479 3789 577 3853 nobis
595 3789 678 3853 alias
694 3789 800 3853 vestri
816 3789 931 3873 gracia
954 3788 1140 3854 liberaliter
1156 3789 1338 3868 attributa,
1355 3791 1392 3855 in

235 3882 372 3946 deiectu
412 3887 528 3946 nostre
565 3880 799 3958 desolacionis,
827 3881 919 3945 vices
946 3881 1067 3964 premii
1094 3881 1193 3947 vobis
1220 3882 1391 3948 retribuat

234 3974 431 4039 Altissimus
444 3972 656 4037 Retributor.
683 3972 802 4036 Amice
822 3973 1016 4056 predilecte‚
1036 3973 1108 4056 jam
1128 3974 1163 4038 in
1182 3973 1392 4057 quibusdam

234 4066 396 4131 mesticiis
429 4072 464 4130 et
496 4065 685 4130 meroribus
718 4064 763 4128 ad
796 4065 962 4129 auxilium
994 4065 1134 4149 pietatis
1175 4072 1289 4131 vestre
1332 4088 1393 4152 pre

235 4158 355 4223 ceteris
370 4157 620 4222 committimus
634 4163 719 4221 vota
734 4163 853 4221 nostra
868 4179 875 4233 ;
905 4164 1082 4241 sperantes
1096 4157 1132 4221 in
1147 4158 1282 4223 Christo
1297 4159 1393 4243 quod

234 4271 294 4334 per
311 4251 416 4315 talem
434 4255 469 4313 et
486 4255 626 4314 tantum
642 4248 885 4313 mediatorem2
902 4255 1018 4314 nostre
1035 4250 1215 4315 sanabitur
1232 4251 1393 4336 angustia

234 4343 411 4408 cicatricis.
458 4341 541 4419 Nos,
561 4341 675 4425 igitur,
695 4340 723 4405 si
741 4341 866 4424 placet,
886 4346 921 4404 et
939 4341 1152 4406 carissimum
1171 4343 1393 4408 secretarium

234 4441 402 4512 nostrum,
428 4434 666 4510 exhibitorem,
702 4452 852 4497 unacum
888 4433 1036 4517 negociis
1072 4434 1199 4499 nostris
1233 4435 1332 4501 vobis
1356 4441 1393 4502 et

301 4549 452 4600 11minent.
490 4550 539 4599 Fo.
557 4549 614 4598 147.
780 4547 817 4579 ²⁴⁴
826 4549 863 4596 Et
877 4548 1016 4597 medicum
1026 4549 1042 4570 ”
1056 4549 1147 4599 added
1161 4563 1197 4599 on
1210 4549 1247 4600 fo.
1265 4549 1323 4601 147.
