2994 4996
151 503 211 568 294
259 502 325 548 THE
348 503 512 550 REGISTER
533 503 574 550 OF
596 503 808 550 ARCHBISHOP
828 504 977 551 WILLIAM
998 504 1206 552 WICKWANE.

150 669 238 726 mue,
252 669 292 714 ac
304 648 339 713 in
351 649 507 734 proprios
519 655 554 714 et
566 655 751 734 perpetuos
763 671 844 715 usus
856 670 986 728 eorum,
999 650 1149 716 dominil
1163 650 1316 718 auetori-

9 763 117 854 ...cvrum
114 767 138 804 to
150 746 224 805 tate
239 740 422 819 ordinaria,
437 747 541 845 prou-t
556 740 780 826 premittitur,
796 741 1019 827 assignamus.
1067 741 1161 808 Item
1176 742 1316 809 ordina·

0 813 73 903 20²⁰
35 825 117 904 uuili
150 853 227 897 mus
245 833 339 916 quod
358 832 476 898 vicarii
495 833 684 918 supradicti
703 833 813 898 eidem
832 834 970 900 ecclesie
988 834 1031 900 de
1049 834 1262 939 Sylkestone
1280 841 1315 901 et

0 913 30 953 “d
43 915 137 964 ⁰³¹³P⁸¹³
149 924 219 989 suis
235 925 373 1009 capellis
388 946 449 1009 per
463 946 498 989 se
514 932 549 989 et
565 925 649 990 alios
664 925 838 991 ministros
853 926 1096 1004 sufficientes,
1087 947 1124 991 m
1139 926 1264 993 debito
1279 933 1315 992 et

149 1022 313 1081 consueto
333 1038 487 1094 numero,
509 1017 641 1102 ydonee
662 1017 792 1082 iaciant
813 1018 985 1083 deserviri
1023 1019 1064 1083 In
1083 1018 1182 1084 libris
1202 1019 1314 1085 eciam

149 1115 184 1172 et
204 1108 415 1174 ornamentis
435 1108 573 1174 ecclesie
593 1109 880 1193 competentibus
902 1110 1065 1194 quociens
1085 1131 1174 1195 opus
1194 1110 1313 1189 fuerit,

148 1200 406 1284 provideantur.
481 1201 667 1266 inveniant
718 1200 901 1267 luminaria
952 1208 1127 1268 consueta.
1190 1202 1313 1269 Archi-

149 1293 293 1357 diacono
311 1292 377 1357 loci
398 1293 439 1357 de
463 1293 764 1376 procuracionibus
790 1294 1031 1378 respondeant,
1054 1300 1090 1359 et
1111 1294 1181 1359 alia
1205 1316 1313 1361 onera

149 1384 338 1449 ordinaria2
359 1384 553 1450 sustineant
575 1385 744 1449 universa.
792 1385 905 1450 Onus³
927 1392 1045 1452 autem
1066 1385 1209 1452 cancelli
1231 1408 1313 1453 con·

148 1476 314 1553 struendi,
335 1477 496 1560 erigendi,
516 1497 576 1541 seu
595 1477 778 1555 reficiendi,
799 1484 873 1543 tam
892 1477 927 1542 in
946 1477 1022 1562 ipsa
1040 1477 1183 1544 ecclesia
1201 1499 1312 1564 quam

149 1567 184 1632 in
201 1568 270 1633 suis
287 1569 435 1653 capellis,
454 1569 498 1633 ad
514 1568 660 1634 vicarios
676 1590 738 1653 pro
757 1569 874 1647 tercia,
892 1577 926 1635 et
944 1569 989 1634 ad
1005 1569 1143 1635 eosdem
1160 1570 1313 1655 priorem

149 1667 184 1725 et
209 1668 420 1726 conventum
444 1682 506 1745 pro
532 1661 667 1726 duabus
691 1661 860 1745 partibus,
886 1661 1100 1728 decernimus
1123 1662 1310 1746 pertinere.

149 1752 433 1818 Extraordinaria
461 1753 631 1837 siquidem
659 1774 773 1830 onera,
803 1753 965 1838 quociens
993 1753 1204 1833 emerserint,
1236 1762 1313 1820 tam

149 1843 233 1908 dicti
255 1845 347 1928 prior
369 1850 403 1909 et
425 1852 617 1910 conventus
638 1866 700 1929 pro
722 1845 858 1910 duabus
878 1845 1047 1930 partibus
1070 1866 1178 1931 quam
1199 1846 1313 1912 eciam

148 1936 267 2000 vicarii
284 1957 346 2020 pro
364 1937 480 2014 tercia,
499 1944 698 2022 agnoscant,
717 1937 875 2015 subeant,
894 1943 929 2002 et
946 1938 1177 2022 subportent;
1211 1940 1313 2005 salva

148 2036 265 2093 nostre
287 2029 513 2094 Eboracensis
537 2028 674 2094 ecclesie
697 2029 733 2093 in
756 2029 916 2094 omnibus
939 2029 1119 2114 dignitate.
1168 2030 1210 2095 In
1235 2052 1313 2116 pre-

148 2121 330 2185 missorum
358 2142 439 2185 vero
468 2120 705 2186 testimonium
733 2121 881 2205 sigillum
909 2128 1066 2186 nostrum
1095 2128 1130 2187 et
1159 2121 1313 2207 sigillum

149 2212 320 2278 dictorum
347 2213 468 2297 prioris
495 2220 530 2278 et
557 2219 748 2278 conventus
774 2213 855 2279 huic
880 2213 1111 2278 instrumento
1138 2213 1313 2317 bipartito

149 2312 230 2370 sunt
251 2305 411 2390 apposita
431 2305 480 2370 alt
466 2305 640 2370 ternatim.

148 2406 267 2481 723.
315 2397 433 2478 5kal.
466 2398 545 2480 Jan
579 2398 674 2479 (Dec.
708 2397 775 2478 28),
809 2397 904 2480 1284,
937 2418 1027 2462 anno
1057 2399 1108 2479 5.4
1153 2397 1312 2487 Otteley.

148 2489 219 2553 The
238 2489 443 2573 archbishop
462 2496 499 2554 to
518 2490 577 2553 the
595 2489 738 2573 chapter
756 2490 792 2553 01
810 2489 987 2574 Beverley,
1006 2488 1193 2575 informing
1211 2492 1313 2557 them

148 2582 184 2645 01
200 2582 259 2646 1110
276 2582 446 2666 proposed
463 2581 669 2646 translation
687 2581 723 2645 01
739 2581 798 2645 1110
815 2581 962 2646 remains
979 2582 1016 2646 01
1030 2580 1081 2646 St.
1099 2581 1257 2649 William
1274 2591 1313 2650 at

147 2672 254 2750 York,
268 2669 321 2738 'on
344 2675 403 2738 the
424 2674 497 2738 first
519 2673 662 2758 Sunday
683 2673 772 2737 aiter
792 2673 851 2737 the
872 2672 1069 2759 Epiphany,
1092 2673 1162 2739 and
1184 2675 1313 2762 asking

148 2766 200 2829 101
212 2765 301 2830 their
312 2786 462 2851 prayers.
511 2764 713 2847 (Printedin
725 2765 1311 2853 1011011ἵνοηιΝονιΙιινκΚιςίείενε,

147 2878 180 2941 p.
196 2858 340 2939 80-81.)⁵

191 2968 265 3033 724.
314 2949 569 3015 Presidentibus
602 2970 642 3013 00
673 2948 793 3013 ceteris
824 2948 994 3033 prioribus
1026 2948 1154 3015 ordinis
1186 2949 1310 3018 Sancti

147 3041 341 3107 Benedicti⁶
375 3041 497 3127 [quod]
535 3062 617 3106 usus
656 3041 881 3106 Eboracensis
920 3040 1057 3106 ecclesie
1095 3042 1312 3110 unanimiter

148 3135 358 3199 observetur.
407 3133 485 3198 Kal.
514 3133 605 3211 Maii,
634 3154 724 3197 0000
748 3152 779 3214 3,
798 3133 893 3218 (May
921 3153 950 3211 1,
979 3134 1088 3216 1282).
1136 3133 1307 3201 Burtone.

40 3285 44 3293 .
148 3226 290 3291 Dilectis
307 3226 342 3289 in
360 3226 494 3291 Christo
512 3225 599 3302 filiis,
618 3225 870 3309 presidentibus
888 3246 928 3290 00
944 3225 1065 3290 ceteris
1081 3225 1255 3310 prioribus
1273 3233 1309 3293 et

90 3318 319 3383 -canonicis
359 3318 487 3382 ordinis
526 3317 645 3382 Sancti
684 3317 879 3401 Augustini,
919 3325 1035 3382 nostre
1075 3317 1231 3403 dyocesis
1272 3325 1308 3385 et

147 3410 332 3494 provincie,
375 3410 410 3473 in
451 3411 516 3474 hoc
556 3409 704 3494 generali
744 3408 896 3493 capitulo
937 3409 1160 3494 congregatis.
1209 3410 1309 3477 Inter

2 3502 8 3519 '
93 3567 97 3575 ,
147 3509 261 3567 001010
290 3523 438 3587 quorum
468 3522 550 3566 cura
580 3522 642 3566 nos
672 3508 783 3585 urget,
800 3500 858 3565 illa
888 3501 1089 3586 plerumque
1119 3501 1307 3569 meditacio

146 3601 298 3659 mentem
317 3600 472 3658 nostram
491 3600 648 3678 occupat,
668 3593 726 3656 illa
744 3613 807 3657 nos
825 3593 947 3657 votiva
965 3592 1147 3658 solicitudo
1166 3594 1305 3680 fatigat,

145 3693 186 3751 ut
208 3686 360 3771 religiose
382 3684 654 3750 conversacionis
675 3691 789 3749 vestre
810 3684 983 3762 honestas,
1007 3706 1113 3770 quam
1134 3685 1192 3770 pio
1214 3686 1306 3752 sinui

146 3779 396 3863 amplectimur,
421 3798 482 3862 per
504 3784 620 3841 nostre
643 3775 916 3841 deliberacionis⁷
941 3777 1120 3843 consilium
1142 3776 1192 3843 sic
1214 3779 1305 3844 salu-

146 3870 253 3936 briter
286 3878 463 3955 augeatur,
497 3870 591 3954 quod
625 3868 718 3953 apud
750 3888 813 3934 vos
845 3868 1074 3954 multiplicate
1107 3869 1305 3936 devocionis

175 4009 301 4058 ¹Dornim'
314 4008 432 4056 omitted
442 4007 470 4055 in
481 4008 527 4055 the
537 4007 696 4070 transcript.
749 4007 797 4054 the
809 4006 921 4055 volume
934 4007 963 4055 01
976 4023 993 4056 0
1004 4007 1076 4057 10101
1092 4008 1158 4057 (1010
1172 4009 1242 4058 than
1256 4004 1304 4058 th'e

179 4076 347 4125 ἳ0111100110.
381 4075 507 4124 Omitted
521 4074 549 4121 in
565 4076 611 4122 the
623 4080 697 4122 tran·
748 4074 857 4136 August
888 4074 917 4122 in
952 4075 1025 4131 1284,
1064 4089 1095 4124 so
1137 4075 1160 4124 it
1203 4076 1304 4126 should

146 4144 240 4206 script.
748 4141 886 4204 probably
899 4142 933 4189 be
947 4141 1032 4190 dated
1049 4141 1124 4192 1283.

179 4210 246 4258 ³For
271 4223 337 4258 onus
359 4209 448 4256 thet
438 4208 586 4271 ttranscrip
576 4207 699 4255 treads
784 4206 854 4254 ι’Τ110
873 4212 928 4255 two
953 4208 1043 4257 words
1067 4222 1104 4257 on
1128 4224 1156 4273 p.
1183 4209 1226 4267 81,
1253 4213 1303 4259 not

145 4278 307 4392 quiliffgre
300 4342 324 4391 is
343 4356 418 4391 some
437 4356 511 4390 error
530 4341 558 4389 in
572 4342 619 4389 the
632 4341 698 4390 date
748 4273 1106 4406 ῗνῗοὶὶεξῗιῗὲἶάῗζρηῗὲῃοῃ
1132 4276 1231 4334 Rame'
1256 4290 1303 4327 are

147 4412 176 4459 01
190 4412 246 4460 th1s
259 4412 417 4459 documen
457 4409 522 4457 Dec.
547 4408 631 4457 28111
650 4408 699 4455 the
784 4405 855 4455 ⁰The
868 4408 1069 4472 Augustrmans
1082 4423 1128 4458 are
1141 4408 1303 4461 mentioned

147 4479 211 4526 fifth
227 4492 294 4541 year
316 4478 345 4524 01
364 4476 456 4524 archb.
472 4475 631 4523 Wickwane
652 4474 700 4523 fell
748 4473 777 4522 in
791 4475 839 4522 the
852 4475 929 4539 body
940 4476 970 4525 ot
982 4476 1030 4524 the
1043 4476 1203 4526 document.

146 4544 174 4593 iu
191 4545 265 4594 1283.
310 4542 421 4592 There
415 4556 438 4590 rs
454 4556 491 4590 no
504 4541 676 4590 document
670 4557 698 4589 m
782 4541 1002 4592 ⁷Deliberacz'one.
