2994 4996
256 466 315 530 166
363 486 429 531 THE
452 485 614 530 REGISTER
636 485 677 530 OF
698 484 909 530 ARCHBISHOP
930 484 1077 529 WILLIAM
1099 484 1299 530 WICKWANE.

255 638 347 703 idem
367 640 474 704 clerus
495 660 516 703 a
534 637 735 704 visitacione
755 638 1006 722 metropolitica
1025 638 1071 703 sit
1091 644 1126 703 et
1146 638 1249 704 luerit
1269 659 1409 722 prorsus

256 730 340 795 liber
365 738 399 795 et
425 730 597 807 immunis
625 736 659 795 ct
685 731 719 794 in
745 731 965 814 possessione,
992 729 1047 793 vel
1072 729 1181 814 quasi,
1208 729 1408 814 hujusmodi
1458 741 1459 744 ’

255 822 424 887 libertatis
441 823 592 907 predicte
607 823 774 887 hactenus
790 822 835 886 sit
851 829 886 886 et
903 822 1005 886 fuerit
1021 821 1219 887 inconcusse
1234 845 1241 899 ;
1274 842 1408 886 necnon

256 920 291 979 et
310 914 493 998 superbiis
511 914 713 997 specialibus
731 914 914 998 privilegiis
933 913 1138 978 sufficienter
1156 914 1321 990 munitus
1340 933 1410 997 que

256 1012 399 1088 paratus
432 1027 508 1070 sum
541 1006 656 1069 debite
689 1006 847 1070 exhibere
880 1026 995 1069 coram
1027 1005 1141 1089 judice
1174 1005 1408 1088 competenti=;

257 1119 329 1170 vos,
347 1097 525 1162 dominum
543 1097 834 1182 archiepiscopum
855 1099 1116 1174 Eboracensem,
1134 1098 1178 1161 ad
1199 1096 1411 1162 visitacionis

257 1189 406 1253 officium
437 1190 682 1253 excercendum
713 1190 895 1254 admittere
925 1209 994 1253 non
1024 1195 1172 1265 tenetur,
1204 1210 1266 1253 nec
1296 1187 1410 1272 ipsum

257 1281 384 1344 clerum
408 1282 546 1364 propria
570 1281 776 1346 auctoritate
800 1282 845 1345 ad
863 1277 1020 1345 'vestram
1045 1281 1281 1345 visitacionem
1305 1280 1411 1345 susci-

257 1373 418 1455 piendam
435 1374 634 1456 compellere
651 1373 692 1436 de
707 1373 782 1457 jure
797 1373 942 1456 potestis
957 1372 1012 1448 vel
1028 1373 1170 1437 debetis
1200 1373 1259 1450 Et,
1274 1393 1318 1436 ne
1333 1393 1408 1449 vos,

257 1464 393 1528 domine
422 1465 683 1547 archiepiscope,
713 1465 767 1528 vel
790 1465 903 1548 quivis
931 1464 1017 1528 alius
1046 1470 1161 1529 vestra
1190 1464 1409 1540 auctoritate,

257 1555 369 1638 ipsum
387 1557 514 1620 clerum
533 1557 567 1619 in
586 1556 679 1620 dicta
696 1578 758 1620 sua
775 1556 996 1640 possessione,
1015 1555 1070 1619 vel
1087 1556 1196 1640 quasi,
1215 1577 1285 1620 non
1302 1555 1410 1639 perci-

256 1647 371 1730 piendi
397 1648 633 1712 visitacionem
659 1648 947 1731 metropoliticam
973 1648 1171 1725 molestetis,
1199 1647 1409 1731 inquietetis

257 1746 318 1803 aut
344 1740 561 1822 perturbetis,
588 1740 758 1816 molestet,
785 1740 964 1823 inquietet,
992 1746 1053 1803 aut
1078 1740 1267 1823 perturbet,
1295 1739 1410 1803 minus

255 1831 347 1914 juste
363 1854 370 1907 ;
403 1837 475 1909 aut,
494 1830 616 1914 spre'tis
633 1831 905 1895 recusacionibus
922 1837 983 1895 aut
1001 1830 1261 1914 excepcionibus
1278 1829 1410 1916 predic-

256 1922 311 1999 tis,
331 1923 457 1987 clerum
475 1930 536 1987 aut
552 1924 718 2006 populum
736 1923 766 1986 ei
782 1923 950 1988 creditum
967 1923 1179 2007 compellatis
1196 1923 1240 1987 ad
1256 1928 1410 1987 vestram

256 2013 492 2079 visitationem
530 2015 792 2098 suscipiendam,
832 2016 887 2078 vel
925 2036 965 2079 ea
1003 2014 1178 2079 occasione
1217 2014 1410 2079 sentencias

255 2106 495 2189 suspensionis
519 2106 702 2183 interdicti,
726 2107 780 2170 vel
802 2106 1167 2171 excommunicacionis
1189 2106 1224 2169 in
1246 2125 1409 2190 personas

91 2257 109 2297 Α
167 2259 194 2298 Η
256 2217 383 2274 eorum,
416 2199 471 2261 vel
503 2219 620 2262 eorum
651 2200 736 2276 loca,
769 2199 960 2281 proferatis,
994 2206 1055 2262 aut
1085 2197 1229 2281 proferri
1261 2197 1408 2274 faciatis

91 2270 166 2348 tripea
182 2271 208 2368 ,⁰
255 2296 508 2354 sacrosanctam
526 2290 648 2354 Sedem
666 2290 900 2375 Apostolicam
918 2290 953 2353 in
971 2290 1036 2354 hiis
1053 2289 1188 2373 scriptis
1205 2310 1355 2373 provoco
1373 2295 1409 2352 et

89 2359 200 2449 {lilim
255 2382 400 2464 appelle,
430 2388 464 2446 et
493 2382 666 2465 apostolos
694 2383 864 2446 instanter
890 2389 994 2465 peto;
1051 2401 1247 2466 supponens
1275 2381 1408 2446 dictum

254 2474 382 2537 clerum
398 2480 432 2537 et
445 2474 599 2558 ejusdem
613 2474 698 2550 loca,
711 2475 868 2538 ecclesias
880 2481 914 2538 et
926 2475 1093 2557 populum
1104 2474 1215 2537 eidem
1226 2473 1408 2548 creditum,

255 2572 289 2628 et
306 2565 422 2629 omnia
437 2566 529 2630 bona
545 2566 689 2649 predicti
706 2567 784 2629 cleri
801 2566 941 2629 mobilia
957 2572 991 2630 et
1008 2565 1185 2629 inmobilia
1200 2564 1410 2649 proteccioni

255 2663 289 2720 et
306 2657 494 2721 defensioni
510 2664 725 2722 sacrosancte
742 2657 838 2722 Sedis
853 2658 1049 2741 Apostolice
1066 2657 1272 2740 supradicte.

89 2763 227 2863 my&
298 2764 372 2830 454.
421 2749 462 2811 ln
491 2750 640 2813 crastino
671 2749 789 2814 Sancti
818 2749 987 2832 Johannis
1017 2749 1175 2832 Baptiste
1205 2749 1309 2830 (June
1339 2751 1407 2829 25),

89 2864 210 2904 eleatem.
256 2841 350 2904 1281.
397 2840 956 2925 ScyreburnejuxtaDunelmum.
1005 2841 1045 2904 ln
1059 2841 1124 2905 Dei
1135 2840 1274 2904 nomine
1286 2840 1408 2903 Amen.

88 2914 197 3014 l'sssslding
255 2931 340 2995 Cum
361 2953 433 3008 nos,
457 2933 656 3009 Willelmus‚
686 2933 917 3016 permissione,
948 2939 1025 3009 ete,
1056 2932 1243 2996 secundum
1272 2937 1410 2997 statuta

89 3014 214 3104 *gignlgssissffe
254 3030 452 3087 sanctorum
467 3030 606 3107 patrum
619 3025 780 3108 patriam,
799 3025 986 3101 civitatem,
1001 3031 1035 3088 et
1045 3024 1220 3108 propriam
1234 3023 1409 3107 dyocesim
1427 3051 1432 3060 ¹

90 3114 207 3205 gigffiffilfff
254 3121 408 3179 nostram
448 3116 699 3181 Eboracensem
726 3137 828 3199 super
854 3117 981 3181 clerum
1000 3123 1035 3180 et
1060 3116 1226 3200 populum
1254 3115 1409 3198 ejusdem

255 3206 409 3290 dyocesis
419 3214 545 3284 nostre,
562 3209 759 3272 tramitibus
770 3230 812 3272 ex
823 3208 1010 3272 tradicione
1024 3208 1109 3292 juris
1124 3208 1158 3271 in
1173 3207 1238 3270 hoc
1252 3227 1334 3270 casu
1349 3226 1410 3289 per

231 3375 235 3384 ι
255 3299 371 3361 omnia
387 3299 588 3376 observatis,
606 3321 715 3383 nuper
731 3321 772 3363 ex
789 3300 889 3364 officii
906 3300 1014 3364 nostri
1031 3300 1158 3376 debito,
1176 3304 1348 3381 quantum
1364 3297 1410 3361 ad

255 3410 317 3453 nos
332 3390 469 3467 attinet,
484 3391 718 3456 visitassemus
734 3414 741 3467 ;
769 3392 988 3475 disponentes
1002 3391 1235 3474 postmodum,
1250 3389 1410 3472 precipue

256 3482 463 3546 auctoritate
492 3483 750 3547 constitucionis
779 3483 917 3548 Concilii
947 3483 1194 3567 Lugdunensis
1217 3482 1282 3546 sub
1309 3480 1412 3544 Inno-

256 3573 369 3637 centio
383 3595 474 3657 papa
489 3581 613 3657 quarto
628 3575 800 3652 celebrati,
816 3596 877 3658 per
890 3581 1002 3639 totam
1017 3574 1230 3658 provinciam
1254 3579 1409 3637 nostram

255 3665 443 3729 secundum
493 3666 639 3730 formam
689 3667 947 3732 constitucionis
997 3667 1150 3750 ejusdem
1199 3664 1411 3728 visitacionis

256 3756 405 3821 officium
419 3778 592 3821 excercere
608 3781 615 3835 ;
643 3780 683 3822 ac
695 3758 753 3836 sic,
779 3780 820 3822 ex
845 3759 997 3842 quadam
1012 3758 1194 3822 affeccione
1208 3754 1410 3841 precordiali

255 3848 300 3912 ad
323 3848 501 3913 civitatem
525 3856 559 3913 et
583 3850 756 3934 dyocesim
779 3851 1036 3926 Dunelmenses,
1061 3850 1171 3913 solum
1194 3847 1410 3912 adsalutem

255 3939 448 4005 animarum
467 3941 678 4024 superiorum
698 3950 732 4006 et
751 3943 949 4006 inferiorum
968 3942 1046 4006 cleri
1065 3947 1099 4005 et
1118 3940 1236 4024 populi
1255 3939 1410 4023 ejusdem

89 4071 230 4122 Thebishop,
255 4032 407 4096 civitatis
438 4039 472 4097 et
505 4033 669 4117 dyocesis,
702 4055 848 4117 quorum
880 4034 1048 4117 quosdam
1081 4032 1276 4096 audivimus
1307 4050 1410 4114 super

90 4123 209 4171 paeane
255 4123 463 4206 quibusdam
498 4126 776 4205 [s]celesti0ribus
810 4126 949 4190 inlamie
984 4132 1068 4189 nota
1102 4123 1260 4208 respergi,
1296 4122 1411 4206 gracia

90 4177 183 4212 convent
195 4174 217 4212 ol

90 4221 222 4273 Durhamto
256 4215 466 4279 visitacionis
509 4217 691 4281 salubriter
733 4218 960 4302 impendende
1004 4216 1206 4280 descendere
1249 4213 1411 4298 primitus

90 4283 209 4381 liupiaisin
256 4306 495 4384 intendentes3
536 4309 721 4373 venerabili
742 4309 840 4374 fratri
859 4316 988 4383 nostru,
1010 4308 1149 4372 domino
1170 4327 1261 4371 nunc
1281 4305 1410 4369 Dunel-

90 4373 242 4473 lilltdallb
255 4399 363 4462 mensi
395 4400 563 4484 episc0p0,
596 4423 637 4465 ac
667 4401 770 4484 priori
801 4407 836 4465 et
868 4400 1053 4465 conventui
1084 4400 1238 4484 ejusdem
1270 4397 1408 4462 ecclesie

89 4471 212 4516 hemel·
255 4490 470 4568 cathedralis,
495 4493 620 4558 nostris
643 4492 777 4570 litteris
801 4513 948 4577 quarum
972 4492 1106 4576 copiam
1130 4511 1234 4575 penes
1256 4510 1319 4554 nos
1342 4489 1408 4554 SUb
