2994 4996
279 499 346 544 THE
368 499 531 545 REGISTER
552 499 594 545 OF
615 498 827 546 ARCHBISHOP
848 498 996 546 WILLIAM
1017 496 1219 544 WICKWANE.
1268 493 1327 562 295

171 656 312 722 iniciata
345 657 537 724 sinceritas1
572 657 761 723 commissis
794 656 894 722 vobis
927 655 1075 742 collegiis
1108 655 1144 721 in
1177 655 1329 742 presenti
1378 684 1380 694 ·

170 749 328 832 proficiat
342 756 377 814 et
391 750 536 835 posteris
550 749 678 815 floridis
692 747 847 835 pululare
860 747 1089 814 incrementis.
1114 748 1161 815 Et
1175 747 1328 833 quidem,

172 840 255 904 dum
281 843 492 907 conformem
517 841 740 908 devocionem
764 841 947 926 inprimere
972 839 1141 925 cupimus,
1167 838 1328 905 deformi·

172 932 256 997 tatis
292 933 473 998 materiam
509 933 737 999 necessarium
773 932 966 1000 censuimus
1003 937 1194 1017 amputare.
1242 931 1327 1017 Que,

171 1023 301 1109 itaque,
315 1025 409 1109 apud
423 1026 592 1112 regulares
602 1025 803 1091 deformitas
816 1023 1022 1110 probrosior,
1033 1043 1140 1108 quarn
1154 1024 1327 1103 intereos,

171 1116 231 1199 qui
266 1117 420 1201 ejusdem
454 1138 490 1182 se
525 1123 682 1184 asserunt
716 1115 885 1202 religionis
920 1115 1079 1193 cultores,
1114 1114 1328 1182 diversorum

172 1207 302 1273 rituum
327 1209 513 1294 singulares
533 1208 773 1275 observancias
797 1204 1005 1274 confovere?
1039 1207 1228 1293 Nunquam
1252 1207 1328 1273 reli-

170 1299 261 1383 giose
297 1301 488 1367 condicioni
523 1301 680 1387 congruit
714 1300 837 1386 quode,
861 1299 946 1366 dum
980 1319 1061 1384 pars
1095 1298 1325 1385 professionis,

170 1391 250 1456 licet
280 1392 492 1459 diversorum
522 1393 742 1460 cenobiorum
772 1391 937 1470 canonici,
968 1412 1219 1477 nonnunquam
1247 1412 1327 1457 con·

171 1484 327 1561 veniunt,
347 1485 382 1549 in
401 1485 493 1551 horis
517 1477 771 1551 canonicalibus
796 1483 1012 1550 exsolvendis
1036 1483 1133 1549 varia
1157 1483 1325 1562 senciunt,

172 1583 207 1640 et
235 1575 291 1641 hic
319 1598 430 1655 suum,
460 1599 540 1643 cum
568 1577 699 1643 socium
726 1589 796 1643 non
824 1575 1005 1662 intelligat,
1035 1574 1175 1642 alterius
1203 1574 1328 1642 abusui

172 1667 350 1733 ridiculose
368 1669 541 1754 proponit,
588 1669 777 1754 Nunquam
796 1668 948 1754 religiose
966 1666 1229 1754 y[n]demnitati
1247 1688 1328 1733 con-

171 1760 267 1824 venit
289 1760 383 1844 quod
405 1769 478 1826 tam
499 1761 759 1846 nuncupacione
781 1759 937 1846 regulari,
960 1759 1045 1825 dum
1065 1759 1132 1837 hic,
1154 1759 1326 1839 videlicet,

172 1851 341 1930 dominus,
361 1853 447 1918 alius
464 1874 546 1918 vero
563 1854 671 1919 frater
687 1852 891 1938 appellatur,
910 1872 1017 1937 quam
1033 1851 1070 1916 in
1087 1850 1327 1917 calciamento·

171 1964 247 2007 rum
256 1945 503 2029 pompositate,
516 1945 600 2011 dum
618 1945 788 2030 equitant,
807 1950 1009 2029 acceptatur
1017 1943 1218 2028 disparitas⁸
1233 1942 1328 2029 apud

170 2056 237 2100 eos.
285 2037 443 2102 Profecto
468 2045 602 2122 quanta
626 2058 669 2102 ex
693 2037 759 2102 hiis
784 2035 893 2101 ordini
920 2035 1083 2101 scandala
1107 2035 1326 2121 proveniant,

169 2135 370 2213 quantaque
391 2129 575 2214 obprobria
594 2129 860 2214 subsequantur,
881 2127 1030 2193 facilime
1051 2127 1126 2211 (sic)
1147 2127 1326 2194 attendere
1393 2194 1396 2199 .

169 2220 297 2302 poterit
325 2221 443 2286 oculus
470 2221 576 2286 animi
603 2221 771 2306 sagaciter
796 2219 974 2286 intuentis.
1021 2219 1156 2286 Horum
1182 2219 1327 2305 proinde

170 2312 400 2377 consideracio
420 2320 576 2379 nostrum
600 2312 796 2398 interpellat
820 2312 985 2378 affectum
1008 2317 1049 2377 ut
1072 2322 1147 2390 nos,
1164 2311 1235 2397 qui,
1260 2311 1327 2378 hoc

170 2403 302 2468 dudum
328 2411 465 2470 attenta
489 2405 717 2470 meditatione
741 2410 936 2490 pensantes
961 2423 1144 2489 operosum
1168 2403 1326 2470 adhibui·

169 2498 263 2559 mus4
283 2495 439 2561 studium
458 2503 499 2562 ut
519 2496 794 2563 uniformitatem
813 2495 968 2561 debitam
988 2515 1058 2581 quo
1078 2495 1123 2561 ad
1143 2494 1326 2580 premissas
1417 2556 1420 2564 r

170 2587 390 2672 disparitates
426 2588 531 2653 solide
567 2609 777 2673 pararemus,
813 2608 884 2653 non
920 2586 1127 2653 desistamus
1163 2587 1324 2673 acceptis,

170 2686 222 2744 set
237 2679 420 2745 reddamus
432 2700 495 2745 vos
508 2687 654 2765 patema
666 2679 858 2746 monicione
870 2678 1021 2745 solicitos
1034 2678 1199 2764 quatinus
1211 2679 1248 2744 in
1260 2680 1326 2746 hoc

170 2771 317 2855 generali
333 2771 485 2857 capitulo
500 2779 616 2838 vestro
631 2771 680 2838 sic
693 2792 854 2857 prospere
869 2771 981 2857 agatis
995 2792 1058 2856 pro
1073 2770 1215 2850 viribus
1231 2770 1326 2856 quod

170 2862 260 2928 inter
272 2884 307 2928 se
319 2870 404 2928 vota
416 2870 533 2930 vestra
544 2884 614 2930 non
627 2864 831 2950 discrepent,
844 2870 897 2930 set
909 2863 1039 2929 vicaria
1050 2863 1326 2949 promptitudine
1415 2863 1416 2866 ’
1485 2880 1490 2891 ·

169 2955 269 3038 quasi
291 2955 327 3019 in
350 2977 458 3020 unum
482 2957 619 3022 alveum
642 2962 814 3042 congesta,
839 2955 884 3021 ad
907 2954 1162 3040 reparacionem
1184 2954 1325 3040 premis-

169 3067 284 3111 sorum
302 3048 510 3113 conveniant
526 3047 740 3114 concorditer
756 3054 791 3113 et
808 3047 1010 3114 subsistant.
1044 3046 1191 3125 Usuum,
1208 3047 1324 3132 igitur,

169 3139 398 3218 diversitates,
434 3140 527 3224 apud
560 3161 623 3206 vos
656 3141 824 3206 hactenus
857 3139 1000 3224 reprobe
1034 3145 1244 3225 acceptatas,
1279 3138 1325 3206 ad

168 3231 308 3297 unicum
334 3253 434 3297 usum
460 3231 742 3318 compendiosum
767 3231 803 3297 in
828 3232 1035 3297 hac'vestra
1059 3229 1324 3317 congregacione

168 3323 354 3389 studiosius
377 3324 549 3409 redigatis
596 3325 644 3390 Et
666 3323 749 3409 quia
770 3343 872 3390 usum
894 3322 1033 3389 ecclesie
1054 3329 1171 3389 nostre
1194 3323 1325 3389 Ebora-

168 3415 276 3480 censis
308 3417 536 3482 communiter
567 3416 752 3482 credimus⁵
785 3415 978 3494 convenire,
1010 3435 1112 3489 usum
1143 3412 1257 3501 ipsum
1288 3414 1325 3481 in

167 3507 307 3592 singulis
321 3509 548 3574 conventibus
561 3508 685 3574 vestris
697 3507 862 3574 statuatis
875 3507 1032 3574 decetero
1045 3506 1300 3573 observandum
1315 3528 1323 3585 ;

169 3599 252 3664 alias
288 3600 508 3684 disparitates
543 3600 726 3686 quaslibet,
762 3599 888 3685 quibus
923 3600 1111 3685 hucusque,
1146 3619 1217 3665 non
1251 3598 1325 3664 sine

168 3690 296 3756 ordinis
322 3692 428 3757 vestri
455 3692 638 3778 vituperio,
666 3691 858 3770 adhesistis,
887 3691 932 3757 ad
958 3709 1058 3776 pares
1084 3690 1325 3758 observancias

166 3804 226 3868 per
249 3783 382 3868 singula
404 3783 685 3869 circumspeccius
708 3789 918 3850 revocantes.
965 3783 1021 3849 Ex
1042 3783 1118 3862 hoc,
1142 3781 1323 3869 siquidem,
1379 3800 1386 3807 ·

168 3875 296 3940 ordinis
314 3875 507 3941 reverencia
523 3875 719 3962 augebitur,
728 3881 764 3941 et
773 3895 914 3942 concors
925 3874 1093 3942 adicietur
1108 3873 1325 3942 familiaritas

170 3988 210 4031 ac
235 3967 360 4031 futuris
385 3967 598 4052 temporibus
621 3967 758 4053 placida
780 3967 871 4033 inter
894 3967 1028 4033 fratres.
1074 3965 1110 4034 Si
1133 3967 1205 4052 qui,
1229 3986 1323 4046 vero,

169 4058 249 4123 huic
290 4060 469 4124 commode
509 4059 697 4145 provisioni
737 4065 853 4125 nostre
893 4058 1057 4126 duxerint
1096 4058 1325 4125 resistendum

168 4151 322 4235 inprobe,
345 4172 418 4228 nos,
441 4150 486 4215 ad
507 4150 810 4217 denunciacionem
831 4150 1092 4237 presidencium,
1114 4151 1241 4237 quibus
1260 4151 1326 4217 hoc

169 4242 314 4307 firmiter
339 4243 561 4328 injungimus,
590 4264 708 4309 eorum
735 4250 880 4310 conatus
907 4241 1092 4310 demeritos
1118 4243 1326 4322 curabimus,

170 4336 373 4420 disponente
400 4335 561 4414 Domin0,
588 4335 785 4422 prompcius
811 4336 991 4402 refrenare.
1037 4335 1169 4402 valete.

200 4452 382 4501 ¹Scincerr'tos.
804 4450 1029 4504 ‘Adhuibm'mrt‘s

199 4519 341 4583 ²Meaning
353 4524 401 4567 not
416 4519 497 4568 clear.
807 4518 943 4571 'Credere

197 4586 371 4650 ³Disperitas.
