2994 4996
76 1421 113 1462 Fo.
126 1421 175 1461 aed.

75 1573 110 1612 No
121 1572 194 1612 archb.

75 1624 99 1662 oi
106 1623 166 1677 York
173 1624 211 1662 has

75 1684 125 1713 ever
137 1672 216 1713 visited

77 1723 113 1762 the
123 1723 206 1762 diocese

75 1774 98 1813 oi
110 1774 214 1814 Durham.

240 441 298 503 160
340 459 405 503 THE
428 459 591 504 REGISTER
612 461 654 505 OF
675 460 885 505 ARCHBISHOP
907 459 1054 505 WILLIAM
1075 458 1276 504 WICKWANE.

238 612 451 677 visitandum
471 613 603 678 dictum
623 613 801 678 dominum
821 613 1029 698 episcopum,
1050 612 1252 696 capitulum,
1273 612 1395 678 civita-

239 710 321 780 tem,
352 710 386 768 et
418 705 592 789 dyocesim
621 705 878 783 Dunelmenses‚
900 705 964 770 etsi
996 726 1069 781 vos,
1100 705 1235 769 racione
1256 704 1395 770 ecclesie

238 802 362 872 vestre,
381 797 417 860 in
434 797 655 879 possessione,
674 798 729 862 vel
747 798 855 881 quasi,
875 797 993 862 essetis
1011 797 1248 880 episcopatum
1265 796 1395 861 Dunel-

239 908 390 951 mensem
412 888 587 966 visitandi,
610 890 704 972 quod
725 910 795 953 non
817 890 937 965 fateor,
961 888 1142 973 procedere
1164 888 1206 967 de
1227 889 1302 972 jure
1324 909 1395 952 non

239 980 394 1062 potestiS,
422 1000 485 1044 nec
511 981 653 1057 debetis,
682 1002 744 1045 nec
770 1002 833 1045 vos
860 981 904 1045 ad
931 981 1168 1045 visitacionem
1195 980 1395 1064 hujusmodi

239 1071 422 1135 admittere
459 1078 596 1136 tenetur
632 1073 772 1150 invituS,
810 1072 962 1156 capitulo
998 1078 1124 1148 vestrn,
1162 1071 1316 1149 civitate,
1354 1092 1396 1137 ac

240 1162 376 1247 dyocesi
392 1164 547 1228 nondum
564 1164 661 1247 plene
678 1165 772 1247 prius
788 1164 948 1241 visitatis,
962 1171 1002 1228 111
1019 1164 1173 1248 superius
1190 1169 1241 1228 est
1258 1184 1395 1247 expres-

239 1275 315 1318 sum
331 1277 338 1331 ;
376 1275 439 1319 nec
457 1255 570 1339 ipsum
590 1256 768 1320 dominum
786 1276 902 1320 meum
922 1256 966 1320 ad
985 1255 1222 1320 visitacionem
1241 1262 1395 1319 vestram

240 1346 493 1411 admittendam
505 1348 654 1412 invitum
667 1348 867 1431 compellere
880 1347 922 1411 (16
933 1349 1008 1432 jure
1020 1347 1165 1434 potestis
1177 1367 1237 1411 seu
1249 1347 1393 1412 debetis

284 1439 384 1516 Item,
405 1460 484 1503 cum
503 1439 643 1503 ecclesia
662 1439 901 1503 Dunelmensis
920 1445 955 1503 et
975 1440 1087 1503 dictus
1107 1439 1266 1503 dominus
1285 1460 1393 1517 meuS,

239 1530 478 1595 Dunelmensis
512 1532 701 1614 episcopus
737 1534 801 1612 [et]
835 1531 1086 1614 predecessores
1120 1531 1172 1594 sui
1206 1550 1325 1595 omnes
1359 1537 1395 1596 et

239 1622 372 1706 singuli,
386 1623 444 1686 illa
455 1623 622 1687 hactenus
635 1623 737 1687 fuerit
750 1629 784 1687 et
798 1623 924 1687 fuerint
937 1623 1045 1707 gavisi
1058 1623 1210 1706 plenaria
1221 1623 1396 1700 libertate,

239 1714 333 1797 quod
357 1714 451 1779 nullo
476 1736 631 1798 unquam
665 1721 819 1798 tempore
857 1715 1082 1779 Eboracensis
1107 1714 1394 1798 archiepiscopus

240 1812 300 1870 aut
327 1806 441 1889 quivis
468 1806 554 1870 alius
581 1827 643 1870 suo
670 1807 817 1883 nomine,
842 1807 878 1870 in
903 1807 1101 1890 episcopum
1128 1806 1395 1870 Dunelmensem

238 1897 449 1962 visitacionis
469 1899 617 1962 officium
637 1899 855 1975 excercuerit,
876 1919 938 1962 nec
957 1899 1026 1963 ullo
1045 1918 1220 1981 uncquam
1239 1904 1395 1984 tempore

239 1990 361 2072 aliquis
380 1990 604 2054 Eboracensis
623 1990 897 2073 archiepiscopus
915 1990 950 2054 in
969 1989 1190 2074 possessione,
1209 1989 1265 2053 vel
1283 1989 1394 2073 quasi,

239 2081 393 2145 extiterit
445 2081 656 2145 visitacionis
709 2082 858 2146 officium
909 2082 944 2145 in
993 2082 1140 2146 eundem
1195 2082 1394 2165 episcopum

239 2173 456 2250 excercendi3
488 2180 539 2237 set
556 2194 576 2237 a
592 2180 746 2257 tempore
762 2173 977 2238 fundacionis
1002 2173 1241 2238 Dunelmensis
1257 2173 1395 2237 ecclesie

239 2285 260 2329 a
289 2264 489 2329 visitacione
518 2265 717 2349 hujusmodi
746 2265 815 2351 sint
845 2272 879 2330 et
909 2265 1037 2330 fuerint
1066 2285 1203 2348 prorsus
1232 2265 1329 2328 liberi
1360 2271 1395 2330 et

239 2357 418 2433 immunes,
441 2357 532 2420 etin
554 2357 775 2440 possessione,
797 2357 852 2420 vel
873 2357 982 2441 quasi,
1005 2356 1204 2440 hujusmodi
1224 2356 1396 2420 libertatis

239 2455 273 2512 et
288 2448 518 2512 immunitatis
533 2449 700 2513 hactenus
723 2449 863 2533 pacifice
878 2449 1036 2513 steterint
1052 2454 1086 2512 et
1101 2448 1210 2532 quieti
1225 2471 1232 2525 ;
1261 2468 1396 2512 necnon

239 2546 274 2604 et
297 2560 399 2623 super
420 2540 485 2604 hiis
507 2540 710 2627 specialibus
733 2540 917 2625 privilegiis
939 2541 1146 2605 sufficienter
1167 2539 1304 2617 muniti,
1328 2560 1396 2623 que

239 2638 381 2718 paratus
402 2652 478 2696 sum
499 2638 653 2718 tempore
673 2632 791 2696 debito
811 2632 970 2696 exhibere
990 2653 1106 2696 coram
1125 2632 1239 2716 judice
1260 2652 1396 2716 compe-

240 2724 328 2788 tenti
344 2746 351 2799 3
388 2745 496 2807 aqua
513 2723 734 2807 possessione,
753 2724 808 2788 vel
826 2725 935 2807 quasi,
955 2723 997 2787 (16
1014 2724 1089 2808 jure
1106 2744 1176 2787 non
1194 2723 1313 2808 possit,
1332 2744 1396 2788 nec

241 2816 376 2893 debeat,
394 2816 466 2879 sine
483 2836 583 2880 cause
601 2815 796 2899 cognicione
814 2815 886 2893 eici,
904 2815 959 2879 vel
976 2816 1084 2880 eciam
1101 2815 1248 2899 spoliari.
1297 2815 1396 2879 Idem

241 2907 399 2971 dominus
420 2927 516 2971 meus
536 2928 609 2983 vos,
627 2908 805 2971 dominum
822 2908 1073 2972 Eboracensem
1089 2907 1394 2990 archiepiscopum,

240 2998 285 3063 ad
313 2999 559 3063 excercendum
587 2999 622 3063 in
650 2999 763 3082 ipsum
791 3005 825 3063 et
854 2999 1030 3063 ecclesiam
1058 3020 1156 3063 suam
1184 2998 1396 3063 visitacionis

240 3091 389 3155 officium
418 3091 600 3155 admittere
627 3112 696 3155 non
724 3097 884 3168 tenetur;
938 3111 1001 3155 nec
1028 3112 1090 3155 vos
1117 3091 1230 3174 ipsum
1257 3091 1397 3175 propria

241 3183 458 3260 auctoritate,
489 3182 561 3246 sine
590 3182 743 3266 legitima
772 3182 990 3258 discussione,
1022 3183 1066 3246 ad
1096 3189 1248 3246 vestram
1277 3182 1397 3246 visita-

240 3275 372 3338 cionem
397 3274 650 3338 admittendam
675 3275 819 3358 potestis
844 3274 886 3338 de
909 3275 984 3358 jure
1008 3274 1158 3339 invitum
1182 3274 1395 3357 compellere,

240 3386 302 3430 nec
339 3365 481 3430 debetis.
553 3366 738 3431 Premissas
787 3367 1017 3449 excepcioneS,
1068 3366 1310 3443 recusaciones,
1361 3372 1396 3430 et
1437 3436 1438 3441 1

241 3458 393 3522 raciones
417 3478 571 3541 propono
597 3464 631 3521 61
656 3463 828 3540 protestor
852 3478 924 3542 egn,
951 3464 1152 3541 procurator
1176 3458 1221 3522 ad
1245 3478 1395 3542 presenS,

241 3549 378 3613 divisim
397 3570 456 3614 seu
476 3550 699 3633 conjunctim,
720 3556 823 3632 prout
842 3550 945 3614 michi
965 3556 1000 3614 et
1020 3550 1159 3614 domino
1178 3571 1255 3614 meo
1274 3549 1396 3613 melius

240 3641 414 3705 videbitur
426 3641 595 3724 expedire,
612 3642 676 3706 sub
692 3641 862 3725 premissis
878 3642 933 3705 vel
950 3642 1023 3706 aliis
1040 3642 1315 3725 competentibus
1337 3661 1397 3724 per

240 3732 511 3816 proposicionem
527 3733 672 3817 alicujus
688 3754 708 3796 a
723 3754 941 3816 quacumque
958 3734 1024 3797 alia
1039 3733 1094 3797 vel
1110 3733 1183 3798 aliis
1199 3733 1397 3797 nullatenus

240 3824 435 3889 excedendo
451 3847 458 3902 ;
491 3832 543 3889 set
561 3825 699 3889 cuilibet
716 3825 944 3909 si[n]gillatim
960 3846 1039 3890 cum
1056 3825 1180 3889 effectu
1197 3825 1395 3903 inherendo,

241 3917 374 4000 dequo
395 3922 568 4001 protestor
589 3937 768 4000 expresse3
812 3937 881 3981 non
904 3923 1021 3981 artans
1043 3937 1108 3994 me,
1132 3923 1193 3981 aut
1216 3917 1396 3981 dominum

240 4028 355 4073 meum
378 4008 581 4092 predictum,
606 4008 651 4072 ad
674 4009 828 4072 omnium
851 4016 885 4073 61
908 4009 1118 4092 singulorum
1141 4008 1395 4092 probacionem,

240 4107 292 4165 set
308 4106 479 4183 quatenus
495 4100 537 4163 de
553 4100 645 4184 ipsis,
662 4099 717 4163 vel
733 4120 851 4164 earum
867 4101 1048 4183 aliquibus,
1066 4100 1120 4164 vel
1136 4107 1234 4183 parte
1251 4100 1397 4184 alicujus

240 4213 283 4256 ex
301 4192 393 4276 ipsis,
413 4192 448 4255 in
466 4192 534 4256 ista
552 4192 673 4268 forma,
693 4191 748 4255 vel
767 4192 834 4256 alia
852 4192 1062 4276 competenti
1080 4199 1237 4256 constare
1255 4193 1395 4275 poterit,

241 4290 382 4348 eatenus
403 4284 618 4367 propositum
640 4284 816 4368 optineam
838 4283 997 4360 addendi,
1019 4284 1190 4361 mutandi,
1212 4291 1289 4360 etc,
1311 4284 1397 4368 juris

240 4376 404 4440 beneficio
437 4376 473 4438 in
506 4375 665 4440 omnibus
697 4375 797 4439 nobis
830 4375 935 4439 salvo
983 4377 1041 4453 Et,
1075 4396 1118 4439 ne
1151 4396 1223 4452 vos,
1258 4375 1397 4440 domine

242 4468 492 4552 archiepiscope
509 4467 744 4544 Eboracensis
763 4467 823 4574 vel
834 4467 947 4550 quivis
970 4467 1055 4533 alius
1071 4468 1146 4532 vice
1168 4489 1228 4532 seu
1245 4468 1396 4532 auctori-
