2994 4996
245 525 305 591 254
353 527 420 572 THE
442 528 606 574 REGISTER
626 529 669 574 OF
690 528 902 575 ARCHBISHOP
922 528 1071 574 WILLIAM
1092 527 1293 574 WICKWANE.

246 681 364 766 barley
382 682 469 746 malt
489 685 561 765 (pro
580 683 690 747 brusco
709 683 823 764 ordei),
843 682 990 768 payable
972 688 1046 747 eat
1066 682 1162 747 York
1180 703 1225 746 on
1244 681 1294 746 St
1316 681 1405 746 Mar-

246 774 371 858 garet’s
390 774 459 858 day
478 774 574 858 (July
593 775 776 855 20),1280.

290 865 445 930 Another
462 866 557 931 bond
575 873 645 931 tot
631 868 690 931 the
708 887 801 932 same
819 888 960 951 persons
978 868 1031 931 ior
1049 885 1112 931 200
1132 867 1248 930 marks
1266 867 1339 931 lent
1357 866 1406 950 by

247 957 341 1022 them
361 964 398 1022 to
416 958 475 1023 the
493 958 710 1042 archbishop,
730 959 798 1023 and
816 959 963 1044 payable
982 980 1026 1022 on
1044 960 1104 1024 the
1121 979 1216 1024 same
1235 958 1314 1043 day.

83 1035 233 1126 {hafflig
290 1050 364 1132 624.
411 1050 605 1115 Venerabili
639 1051 674 1115 in
709 1050 844 1116 Christo
878 1052 980 1136 patri,
1017 1051 1156 1116 domino
1191 1051 1256 1114 Dei
1289 1050 1405 1134 gracia

83 1137 203 1185 0111111111
246 1142 449 1206 Dublinensi
470 1142 738 1227 archiepiscopo,
757 1144 823 1221 W,
845 1143 1076 1227 permissione,
1099 1149 1176 1220 etc,
1198 1143 1346 1208 salutern
1368 1142 1403 1205 in

83 1187 158 1236 asking
169 1188 214 1226 him

82 1238 185 1327 {anab}
246 1234 297 1297 Eo
317 1234 372 1298 cui
391 1234 500 1298 cordit
486 1240 538 1298 ter
556 1234 681 1299 servire
700 1236 919 1319 perhenniter
937 1241 989 1300 est
1008 1255 1158 1338 regnare
1205 1234 1401 1318 Speremus,

85 1338 222 1427 Romentple
245 1332 306 1409 pat
309 1346 344 1390 er
379 1326 597 1410 precordialis
633 1333 668 1391 et
704 1327 891 1404 karissime,
915 1327 1020 1484 quod,
1057 1327 1200 1431 inopum
1235 1326 1401 1411 pressuris

83 1399 205 1488 &iiiito
245 1418 339 1502 piam
356 1418 627 1502 compassionem
644 1419 845 1484 exhibentes
862 1426 897 1484 et
913 1419 1095 1484 meritoriis
1111 1439 1252 1503 precum
1269 1419 1400 1483 instan-

82 1470 305 1579 tildurllteaciis
333 1510 565 1577 exaudicionis
593 1511 743 1595 graciam
771 1511 971 1594 impendent
973 1532 1008 1575 es
1012 1511 1238 1594 ,obsequium
1266 1510 1400 1575 iacietis

82 1589 208 1631 ⁰¹K¹¹d²³⁰
244 1602 403 1667 votivum
432 1609 467 1667 et
495 1602 662 1686 placabile
691 1602 872 1668 Salvatori
920 1603 1016 1680 Cum,
1046 1603 1160 1687 igitur,
1191 1603 1336 1667 dilectus
1364 1609 1400 1667 et

244 1715 343 1759 carus
375 1694 474 1759 nobis
507 1694 666 1759 dominus
699 1695 849 1760 Thomas
882 1695 937 1759 de
958 1695 1180 1771 Romenhale‚
1215 1695 1400 1760 canonicus

244 1793 367 1860 vester,
387 1806 456 1850 non
469 1786 597 1850 habeat
617 1787 857 1852 adhucunde
849 1808 884 1850 m
902 1788 1059 1891 partibus
1078 1787 1201 1852 vestris
1219 1786 1399 1851 commode

244 1878 359 1942 valeat
375 1899 432 1943 sus
435 1879 572 1955 tentari,
590 1879 751 1963 stetque
744 1899 778 1942 m
794 1880 936 1944 servicio
952 1863 1075 1944 nobilis
1087 1879 1247 1955 mulieris,
1261 1879 1399 1943 domine

244 1970 284 2034 A.
309 1970 352 2035 de
378 1971 500 2055 Vescy,
517 1971 687 2035 comitisse
710 1971 752 2035 de
773 1972 904 2048 Kildar‚
922 1972 1030 2036 donec
1067 1977 1181 2074 posset
1204 1971 1399 2055 prosperius

244 2063 418 2146 respirare,
430 2064 528 2148 cujus
540 2063 715 2147 presencia
727 2063 836 2127 eidem
849 2064 1020 2128 comitisse
1032 2070 1084 2128 est
1094 2063 1202 2127 eciam
1215 2069 1399 2146 oportuna,

244 2154 342 2218 vobis
363 2175 425 2239 pro
447 2155 566 2219 eodem
593 2175 709 2238 preces
739 2155 913 2220 offerimus
939 2156 1090 2239 pietatis,
1107 2161 1147 2220 ut
1175 2155 1250 2231 sibi,
1267 2175 1337 2239 quo
1354 2156 1399 2219 ad

244 2247 477 2325 residenciam,
485 2247 635 2331 parcatis
647 2248 891 2331 compassionis
901 2248 1035 2331 spiritu,
1046 2254 1218 2332 quatenus
1229 2247 1399 2330 poteritis,

244 2341 404 2422 graciose,
427 2345 462 2403 et
484 2341 519 2402 in
540 2340 605 2403 hoc
627 2340 748 2403 mereri
769 2340 937 2423 poteritis,
960 2340 1048 2405 sicut
1070 2339 1284 2416 confidimus,
1307 2344 1342 2403 et
1364 2340 1399 2404 in

244 2430 408 2514 pastorali
439 2431 627 2496 ministerio
662 2431 857 2515 placencius
890 2432 1069 2496 deservire.
1117 2431 1303 2495 Conservet
1337 2452 1399 2496 vos

244 2523 381 2588 ecclesie
398 2529 432 2587 et
448 2523 576 2606 populo
593 2543 655 2588 suo
672 2524 765 2588 Deus
781 2544 842 2608 per
858 2530 1015 2608 tempora
1031 2524 1205 2588 diuturna.

81 2643 210 2683 nearchi.
287 2614 361 2696 625.
408 2615 508 2698 7kal.
524 2616 605 2679 Dec.
622 2615 791 2697 (Nov.25‚
808 2619 917 2700 1279).
964 2616 1104 2700 Scroby.
1151 2615 1399 2680 Amantissimo

80 2694 204 2784 ss‘flhissffl
242 2713 277 2770 et
299 2707 501 2791 precordiali
523 2707 588 2771 sibi
610 2707 646 2771 in
669 2707 803 2772 Christo
827 2708 966 2772 domino
989 2709 1047 2785 Η.,
1071 2708 1189 2772 comiti
1212 2707 1399 2785 Lincolnie,

80 2795 211 2893 {tglssgggssiem
242 2798 308 2876 W.,
326 2799 557 2882 permissione,
577 2805 654 2876 etc,
674 2799 820 2863 salutem
839 2806 873 2864 et
891 2800 1184 2883 promptissimam
1202 2819 1337 2883 semper
1355 2800 1400 2864 ad

81 2895 211 2994 {1325ng
242 2890 458 2974 beneplacita
473 2891 700 2955 voluntatem.
748 2892 802 2955 Ex
818 2892 956 2975 speciali
972 2892 1183 2956 confidencia
1197 2912 1304 2975 quarn
1320 2911 1401 2976 erga

80 2996 213 3085 {sskffissffgn
242 2982 435 3047 bonitatem
448 2989 600 3047 vestram
614 2983 842 3067 concepimus
853 3004 915 3048 vos
925 2983 1128 3068 requirimus
1138 3004 1217 3048 curn
1230 2983 1403 3049 instancia

216 3076 221 3087 '
242 3075 407 3158 quatinus
426 3075 642 3139 exaccionem
655 3082 757 3152 secte,
776 3096 882 3159 quam
902 3076 944 3139 de
955 3076 1055 3140 nobis
1073 3076 1186 3140 facitis
1205 3075 1249 3139 ad
1268 3076 1400 3140 curiam

242 3172 394 3230 vestram
418 3186 478 3231 seu
501 3167 756 3250 wapentagium
781 3167 822 3230 de
847 3167 1044 3245 Alvertone,
1069 3188 1219 3232 unacum
1243 3168 1401 3251 qualibet

242 3258 468 3336 districcione,
499 3278 624 3342 ponere
655 3259 768 3323 velitis
798 3260 833 3322 in
864 3267 1068 3343 respectum,
1088 3260 1197 3323 donec
1226 3259 1339 3336 simul,
1371 3260 1401 3324 si

241 3350 365 3434 placet,
388 3350 459 3414 sine
480 3350 589 3435 litigio
610 3351 689 3414 inde
711 3351 977 3435 disposuerimus
999 3352 1092 3435 quod
1113 3351 1293 3427 incumbit,
1317 3352 1401 3435 quia

242 3442 340 3506 vobis
366 3443 401 3506 in
427 3443 492 3506 hoc
517 3442 571 3506 vel
597 3442 632 3505 in
659 3443 733 3508 aliis
759 3449 879 3507 contra
904 3444 1122 3508 honestatem
1149 3443 1303 3508 debitam
1329 3464 1400 3508 non

243 3535 294 3598 int
282 3535 453 3598 tendimus
471 3534 656 3617 displicere.
703 3534 834 3599 Valete.
859 3581 860 3586 η

79 3634 208 3674 neuen
287 3626 445 3691 62618
470 3626 547 3690 idus
571 3627 653 3690 Dec
682 3627 969 3712 (Dec.b,1279).
1018 3627 1172 3692 Cawode
1220 3628 1399 3692 Excellen-

80 3689 103 3725 to
115 3685 150 3724 the
170 3685 221 3734 king
309 3718 314 3729 ,

79 3735 180 3784 excusins
244 3718 375 3783 tissrmo
391 3724 426 3782 et
440 3718 641 3802 precordiali
656 3719 795 3783 domino
812 3740 884 3797 suo,
902 3720 954 3796 E,
972 3720 1035 3784 Dei
1050 3719 1164 3804 gracia
1180 3740 1249 3803 regi
1241 3719 1398 3804 Anglie,

79 3785 319 3888 llllffr‘lllhetc,
343 3831 424 3875 suus
447 3810 687 3874 devotissimus
717 3811 883 3888 sacerdos,
906 3772 972 3888 W,
1006 3812 1138 3876 Eadem
1171 3811 1295 3896 gracia,
1319 3816 1398 3890 eto,

80 3890 127 3975 issrp
126 3886 206 3974 {dih
243 3903 333 3967 salut
319 3908 389 3967 tem
420 3909 455 3966 et
486 3903 607 3966 sollicit
593 3909 665 3966 tam
697 3903 893 3967 oracionum
925 3904 1130 3968 instanciam
1162 3924 1241 3987 erga
1271 3903 1396 3968 Deum.

79 3987 197 4026 d0L³¹¹⁰¹¹
242 3995 361 4058 Preces
402 3995 634 4058 amantissime
676 3995 921 4059 dominacionis
969 4003 1081 4060 vestre
1131 4016 1193 4078 pro
1244 3995 1398 4078 quodam

243 4087 395 4151 Roberto
431 4086 472 4150 de
508 4086 638 4162 Lanon,
675 4086 766 4170 apud
803 4087 957 4164 Cawode,
995 4088 1015 4172 ij
1054 4108 1162 4151 nonas
1198 4087 1397 4152 Decembris

244 4179 338 4253 (Dec.
366 4183 400 4260 4)
427 4178 626 4262 recepimus
654 4179 868 4243 continentes
894 4180 988 4262 quod
1014 4180 1125 4243 eidem
1151 4180 1206 4255 R,
1233 4184 1398 4262 pretextu

241 4291 330 4335 nove
365 4270 548 4334 creacionis
583 4277 709 4348 nostre,
746 4271 994 4354 assignaremus
1031 4272 1072 4335 de
1107 4291 1242 4336 camera
1277 4277 1399 4336 nostra

242 4383 393 4427 annuam
421 4363 630 4446 pensionem,
660 4362 768 4426 donec
796 4362 861 4426 sibi
890 4363 961 4444 [de]
990 4364 1217 4427 ecclesiastico
1245 4382 1307 4447 per
1334 4384 1399 4428 nos

288 4490 387 4538 1There
411 4491 434 4538 is
454 4506 471 4539 a
489 4488 610 4539 satirical
632 4490 755 4552 drawing
768 4490 796 4537 of
806 4490 902 4538 Lanon
916 4491 944 4538 in
959 4492 1005 4539 the
1019 4492 1134 4555 margin,
1149 4490 1185 4540 fo.
1203 4491 1280 4548 laod,
1292 4491 1362 4541 with

652 4571 668 4605 a
682 4557 756 4604 hand
770 4558 897 4621 pointing
911 4565 940 4604 to
953 4559 983 4606 it.
