2994 4996
225 552 292 596 THE
315 551 478 597 REGISTER
499 552 541 597 OF
562 550 774 601 ARCHBISHOP
794 551 943 596 WILLIAM
964 549 1165 596 WICKWANE·
1215 547 1274 611 225

103 705 253 782 debeat,
278 705 313 769 in
336 726 405 770 uno
427 703 602 788 mesuagio
622 709 657 768 et
676 703 722 788 xij
745 703 831 769 acris
850 710 939 768 terre
958 724 1038 769 cum
1055 703 1275 789 pertinenciis

117 798 151 861 in
171 797 458 874 Hextildesham;
486 795 581 881 quod
598 794 812 880 mesuagium
830 801 865 860 et
883 815 989 881 quam
1007 800 1136 861 terram
1154 794 1275 861 eadem

117 891 243 953 Emma
274 888 423 953 intendit
455 894 571 972 petere
602 907 721 952 versus
751 887 899 971 priorem
931 887 973 952 de
1005 887 1274 964 Hextildisham,

117 982 287 1045 Thomam
324 981 433 1045 filium
470 979 641 1062 Johannis
679 978 1114 1057 Malherbe‚1Willehnum
1152 978 1274 1056 Cocke,

117 1073 326 1137 Willelrnum
361 1071 403 1136 de
440 1071 605 1156 Nesseby‚
642 1077 677 1136 et
712 1069 932 1148 Willelrnum,
969 1070 1198 1155 presbiterum
1233 1071 1276 1136 de

117 1164 273 1249 Cocelay,
294 1164 478 1248 perbreve
498 1169 656 1229 nostrum
672 1161 767 1247 quod
786 1161 897 1227 eidem
917 1163 1041 1227 Emme
1058 1162 1144 1228 utile
1172 1161 1276 1228 fuerit

116 1263 151 1320 et
163 1255 346 1340 expediens
362 1256 398 1319 in
413 1256 479 1320 hoc
489 1254 594 1332 taem,
607 1259 642 1320 et
653 1260 771 1339 aperte
782 1260 818 1319 et
829 1253 991 1319 distincte
1001 1254 1101 1320 nobis
1111 1253 1277 1320 rescribas

117 1355 289 1432 quantum
329 1346 371 1411 de
410 1346 565 1431 predicta
604 1352 696 1410 terra
734 1345 858 1430 singuli
897 1351 1040 1412 teneant
1079 1345 1276 1412 tenencium

117 1440 361 1523 predictorum,
386 1444 421 1503 et
444 1459 490 1503 an
512 1438 669 1522 predicta
696 1444 788 1503 terra
811 1437 854 1503 de
881 1437 982 1504 nobis
1008 1438 1045 1503 in
1071 1437 1196 1523 capite,
1219 1437 1276 1504 vel

116 1552 177 1614 per
188 1531 352 1608 medium,
373 1530 477 1595 libere
496 1530 552 1595 vel
572 1530 607 1594 in
627 1529 821 1614 villenagio,
842 1536 877 1595 et
899 1550 961 1614 per
979 1529 1074 1615 quod
1093 1529 1276 1595 servicium

116 1630 276 1688 teneatur
291 1645 298 1700 ;
333 1628 385 1699 ut,
404 1622 526 1687 habita
543 1643 604 1707 per
621 1628 656 1686 te
675 1621 881 1687 certitudine
902 1621 944 1687 de
961 1621 1146 1707 premissis,
1165 1621 1277 1687 eidem

116 1715 258 1797 pauperi
290 1714 424 1778 mulieri
455 1714 559 1778 breve
591 1720 749 1779 nostrum
794 1713 984 1779 secundum
1015 1713 1110 1798 quod
1141 1713 1276 1799 justum

116 1807 219 1870 fuerit
243 1813 277 1870 et
301 1806 429 1871 racioni
452 1826 642 1871 consonum
665 1805 843 1871 iaciamus.

160 1898 329 1982 Inquisivi
354 1897 534 1982 diligenter
553 1918 615 1982 per
637 1897 761 2002 legales
786 1903 944 1963 tenentes
967 1903 1101 1964 vestros
1125 1897 1168 1963 de
1192 1897 1333 1963 villam

117 1989 158 2053 de
184 1990 448 2054 Hextildesham
473 1996 508 2054 et
532 2010 593 2074 per
616 1989 748 2055 vicinos
772 1988 889 2055 fideles
913 1989 1068 2074 ejusdem
1091 1989 1274 2069 libertatis,
1287 1963 1421 2016 'mm

116 2081 339 2146 secundumt
325 2088 479 2146 tenorem
498 2081 612 2147 littere
631 2081 760 2147 incluse
778 2080 883 2146 michi
901 2101 1012 2166 nuper
1030 2080 1170 2160 directe,
1189 2041 1275 2166 quid

115 2173 200 2256 juris
215 2175 351 2250 Emma,
367 2173 437 2237 filia
453 2173 578 2258 Rogeri
591 2173 623 2238 le
638 2173 771 2237 Peleter
785 2172 828 2238 de
842 2173 1118 2250 Hextildesham‚
1134 2173 1274 2252 habeat,
1381 2221 1383 2225 ν

116 2265 171 2329 vel
190 2266 316 2329 habere
337 2265 473 2342 debeat,
493 2266 529 2329 in
549 2286 619 2330 uno
638 2264 828 2349 mesuagio·
846 2270 924 2344 etc,
945 2264 1040 2349 quod
1060 2265 1275 2350 mesuagium

115 2363 150 2420 et
167 2376 273 2440 quam
290 2363 417 2421 terram
434 2356 584 2422 intendit
603 2362 719 2441 petere
735 2376 855 2422 versus
870 2356 1019 2442 priorem
1035 2356 1078 2422 de
1094 2356 1274 2422 Hextilde-

115 2449 213 2512 sham
241 2455 275 2513 et
302 2448 472 2513 Thomam
499 2448 608 2514 filium
635 2447 805 2531 Johannis
832 2448 1037 2527 Maleherbe,
1063 2447 1274 2514 Willelrnum

115 2540 236 2618 Cocke,
263 2540 471 2606 Willelrnum
496 2540 539 2604 de
564 2539 712 2626 Neseby,
738 2546 774 2605 et
798 2539 1018 2616 Willelrnum,
1043 2540 1273 2626 presbiterum
1403 2577 1407 2585 ·

115 2631 157 2696 de
194 2632 321 2716 Ocelay
336 2636 362 2709 ;2
398 2633 458 2717 qui
493 2631 614 2697 dicunt
640 2652 743 2717 super
768 2638 1024 2698 sacramentum
1050 2652 1152 2699 suum
1178 2630 1274 2718 quod

114 2724 275 2801 Thomas
291 2724 380 2788 filius
394 2730 429 2789 et
443 2725 540 2788 heres
554 2723 680 2809 Rogeri
692 2724 723 2788 le
738 2723 881 2802 Peleter,
896 2724 1004 2789 frater
1015 2723 1123 2809 ipsius
1136 2724 1273 2803 Emme,

113 2816 274 2900 petentis,
292 2816 404 2880 tenuit
419 2815 596 2900 quoddam
612 2821 850 2881 tenementum
863 2815 969 2881 libere
983 2815 1026 2881 de
1040 2815 1273 2901 predecessor·

114 2907 191 2972 ibus
203 2907 326 2972 vestris
342 2907 377 2971 in
393 2907 506 2991 capite
518 2928 581 2992 pro
592 2907 645 2992 ijs.
660 2914 695 2973 et
707 2907 816 2993 iiij0rd.
830 2907 964 2986 annuis
977 2907 1274 2993 predecessoribus

113 3000 236 3063 vestris
259 3006 293 3063 et
317 2999 415 3064 vobis
438 2998 630 3077 reddendis,
654 3005 690 3064 et
712 2999 807 3084 quod
829 2999 943 3065 dictus
964 2998 1115 3065 Th0mas
1138 2999 1271 3066 dictum

113 3096 350 3155 tenementum
383 3090 540 3156 vendidit
572 3091 826 3175 particulariter
856 3110 918 3176 per
948 3091 1100 3157 multum
1132 3096 1272 3177 tempus

113 3187 194 3246 ante
222 3183 356 3247 obitum
383 3203 496 3260 suum,
522 3183 596 3267 jam
623 3199 669 3247 xr
698 3182 796 3249 annis
823 3182 957 3268 elapsis.
1003 3183 1134 3249 Dicunt
1160 3182 1270 3249 eciam

112 3273 206 3357 quod
232 3274 421 3339 Willelrnus
448 3273 490 3339 de
516 3274 654 3360 Neseby
680 3279 776 3340 tenet
800 3294 909 3340 unum
934 3274 1150 3360 mesuagium
1174 3274 1271 3361 quod

112 3365 301 3430 Willelrnus
319 3366 408 3430 filius
426 3365 584 3444 Waldei’,
604 3366 824 3432 antecessor
814 3366 932 3451 1psius,
951 3366 1036 3432 emit
1054 3366 1097 3432 de
1113 3365 1270 3452 predicto

112 3456 256 3533 Thoma,
274 3463 308 3522 et
325 3462 420 3522 tenet
437 3457 479 3522 de
495 3457 619 3523 vobis
610 3478 646 3522 m
661 3457 786 3543 capite,
803 3463 839 3524 et
855 3457 968 3525 reddit
982 3478 1045 3544 per
1060 3478 1191 3524 armum
1206 3458 1369 3567 ide

113 3548 146 3612 It
132 3555 213 3626 t‚em
233 3548 433 3627 Willelmus,
452 3549 620 3634 presbiter
638 3549 681 3615 de
699 3548 855 3636 Cocelay,
874 3555 971 3617 tenet
988 3570 1096 3616 unam
1112 3522 1369 3636 placeamm'

111 3647 145 3704 et
173 3661 281 3705 unum
308 3642 469 3718 crottum,
493 3662 600 3726 quam
626 3639 801 3707 Gilbertus
827 3641 870 3707 de
897 3641 1051 3728 Coselay,
1075 3644 1302 3709 antecessor¹

112 3732 228 3816 ipsius,
248 3733 331 3798 emit
350 3732 392 3797 de
409 3733 565 3817 predicto
582 3732 726 3811 Thoma,
745 3739 781 3798 et
798 3738 895 3799 tenet
913 3734 956 3799 de
972 3733 1099 3800 vobis
1089 3753 1125 3799 m
1143 3733 1268 3819 capite,

111 3830 145 3889 et
171 3823 284 3889 reddit
309 3845 370 3908 per
395 3845 525 3889 annum
549 3824 632 3910 xijd.
682 3824 784 3904 Item,
807 3824 958 3891 Thomas
982 3822 1073 3891 filius
1098 3824 1270 3909 Johannis

110 3915 283 3980 Malherbe
309 3922 404 3981 tenet
429 3938 453 3980 v
476 3937 572 3982 acras
606 3923 695 3982 terre
730 3916 773 3983 de
807 3915 902 3983 dicto
935 3922 1146 3996 tenemento,
1180 3936 1269 4003 quas

111 4006 299 4089 JohanneS,
326 4015 426 4092 pater
450 4008 535 4093 ejus
562 4008 647 4074 emit
682 4008 725 4074 de
760 4007 854 4075 dicto
888 4007 1024 4076 Thoma
1046 4008 1117 4075 filio
1142 4008 1269 4095 Rogeri

108 4101 139 4163 le
159 4100 302 4177 Peleter,
323 4106 358 4164 et
377 4106 473 4165 tenet
492 4099 535 4164 de
554 4100 653 4166 vobis
672 4100 708 4165 in
727 4100 851 4185 capite,
871 4105 907 4166 et
925 4099 1040 4168 reddit
1057 4120 1119 4187 per
1136 4100 1268 4167 annum

108 4191 192 4276 xijd.
253 4192 354 4269 Item,
374 4191 563 4258 Willelrnus
583 4191 694 4258 Cocke
713 4197 809 4258 tenet
828 4191 1008 4259 dimidiam
1027 4211 1144 4259 acram
1162 4191 1267 4278 prati,

108 4304 214 4367 quam
242 4284 427 4360 Robertus,
455 4290 556 4368 pater
582 4284 667 4369 ejus,
695 4283 780 4350 emit
806 4283 849 4350 de
875 4282 1032 4370 predicto
1057 4283 1203 4362 Th0ma,
1230 4289 1267 4350 et

107 4381 202 4439 tenet
227 4374 268 4439 de
292 4375 391 4440 vobis
414 4375 450 4439 in
474 4375 598 4460 capite,
623 4380 658 4441 et
681 4375 794 4442 reddit
816 4394 879 4462 per
901 4395 1032 4443 annum
1054 4374 1116 4463 ijd.
1163 4374 1266 4455 Item,

107 4467 227 4533 dicunt
239 4467 333 4552 quod
345 4467 437 4551 prior
449 4467 490 4532 de
502 4466 779 4551 Hextyldesham
790 4466 895 4535 nichil
905 4467 950 4534 de
959 4466 1055 4535 dieto
1066 4472 1268 4535 tenemento

205 4582 391 4633 1Maleherbe.
429 4582 478 4632 Fo.
495 4581 554 4634 108.
730 4580 874 4649 ‘Coselep
887 4582 944 4634 and
957 4582 1055 4634 belom.
1090 4581 1164 4635 Ibid.

1175 4694 1200 4745 0
