2994 4996
283 506 349 551 THE
371 507 535 553 REGISTER
555 507 598 553 OF
618 506 830 553 ARCHBISHOP
851 506 1000 553 WILLIAM
1021 506 1222 553 WICKWANE.
1272 507 1331 570 291

176 757 279 822 sionis
306 764 340 823 et
367 759 520 825 scandali
545 760 728 825 materiam
753 759 928 845 perpetuis
954 758 1168 844 temporibus
1183 758 1332 844 penitus

175 856 405 933 amputemus,
434 852 660 917 facultatibus
687 858 722 917 et
748 852 974 937 proventibus
1001 850 1107 936 ipsius
1134 850 1262 935 capelle
1289 851 1332 915 de

175 941 342 1027 Queneby
361 944 552 1009 consulcius
571 944 780 1029 ponderatis,
801 943 999 1009 ordinamus
1018 949 1053 1008 et
1072 942 1204 1008 solicite
1222 942 1331 1007 revol-

176 1041 307 1110 ventes,
325 1035 539 1120 disponimus
555 1036 590 1101 in
607 1036 699 1102 hunc
715 1035 858 1101 modum
873 1058 881 1114 ;
898 1035 1069 1112 videlicet,
1087 1034 1182 1120 quod
1197 1034 1331 1120 prefate

174 1125 331 1208 priorisse
359 1133 393 1192 et
420 1128 585 1193 moniales
612 1128 655 1192 de
682 1127 846 1213 Molseby‚
874 1127 1012 1192 nomine
1039 1117 1492 1212 appropriacionis1¹,¹,¹,⁶,¹¹,¹i²,¹1,⁸„¹

174 1223 290 1282 nostre
326 1219 479 1302 predicte
515 1226 550 1285 et
585 1226 800 1305 personatus,
837 1220 990 1286 habeant
1026 1238 1145 1284 omnes
1180 1217 1331 1284 decimas
1344 1219 1493 1309 gffi‘ffi

174 1309 369 1393 garbarum,
392 1312 436 1376 ad
457 1312 586 1376 dictam
607 1312 774 1397 capellam
794 1311 837 1378 de
858 1311 1025 1396 Queneby
1044 1310 1266 1396 pertinentes,
1287 1309 1331 1375 de
1487 1339 1491 1351 ·

175 1499 210 1556 et
230 1514 335 1558 unam
354 1495 522 1561 bovatam
541 1502 631 1560 terre
649 1496 692 1560 de
711 1496 822 1561 tribus
841 1494 980 1561 bovatis
998 1514 1066 1578 que
1085 1500 1168 1560 sunt
1186 1493 1230 1559 de
1249 1494 1331 1560 dote

175 1585 303 1668 capelle
326 1586 491 1670 ejusdem,
523 1608 602 1653 cum
632 1589 711 1652 feno
742 1588 787 1653 ad
818 1587 948 1653 dictam
977 1587 1145 1652 bovatam
1176 1585 1332 1652 totaliter

174 1677 391 1759 pertinente3
439 1680 566 1763 quibus
589 1680 727 1745 nomine
751 1685 955 1765 personatus
979 1685 1015 1744 et
1039 1677 1332 1764 appropriacionis

173 1776 289 1833 nostre
308 1790 365 1835 eas
384 1771 544 1836 volumus
562 1778 730 1857 perpetuo
749 1772 821 1836 iore
839 1776 1032 1836 contentas.
1078 1768 1215 1847 Vicarii,
1235 1789 1328 1848 vero,
1343 1822 1389 1865 ne
1399 1823 1477 1875 m

172 1860 208 1923 in
233 1861 364 1946 capella
388 1863 463 1947 ipsa
488 1884 548 1947 per
572 1884 635 1929 nos
660 1870 694 1929 et
719 1882 928 1929 successores
952 1868 1089 1928 nostros
1112 1859 1328 1940 instituendi,
1343 1875 1406 1916 when
1415 1874 1477 1915 tusti-

172 1952 324 2018 habeant
363 1975 405 2019 ex
443 1955 509 2020 hac
546 1961 665 2022 nostra
702 1955 921 2020 ordinacione
959 1954 1132 2040 integrum
1169 1972 1330 2018 mansum
1343 1924 1449 2016 libid}

172 2044 314 2108 rectorie
328 2066 407 2110 cum
421 2047 556 2112 duabus
569 2046 707 2112 bovatis
720 2053 810 2112 terre
823 2045 976 2124 residuis,
991 2051 1027 2110 et
1040 2046 1119 2110 ieno
1133 2043 1179 2110 ad
1191 2043 1330 2110 easdem
1344 2025 1486 2118 mvl&

173 2136 281 2200 eciam
304 2139 521 2221 pertinente3
567 2140 617 2204 ita
639 2139 734 2225 quod
756 2140 799 2204 de
821 2139 957 2204 duabus
978 2137 1117 2203 bovatis
1139 2142 1228 2203 terre
1251 2156 1330 2202 cum
1344 2125 1489 2178 ΜΨ

173 2228 262 2305 ieno,
294 2230 339 2294 ad
367 2231 533 2296 vicariam
562 2231 825 2316 pertinentibus,
855 2230 951 2297 nulla
979 2250 1040 2316 per
1068 2229 1266 2316 priorissam
1294 2233 1330 2295 et

172 2321 337 2386 moniales
353 2344 373 2386 a
388 2323 534 2401 vicariis,
550 2344 613 2388 nec
627 2330 688 2409 per'
702 2323 848 2389 vicarios
863 2344 883 2388 a
897 2322 1059 2408 priorissa
1072 2328 1108 2387 et
1123 2320 1331 2387 monialibus

173 2413 215 2477 de
229 2413 360 2479 bovata
375 2422 463 2480 terre
478 2437 556 2481 cum
572 2415 651 2481 feno
665 2416 713 2481 eis
728 2415 962 2501 appropriata,
977 2434 1038 2480 seu
1052 2413 1095 2480 de
1108 2412 1331 2480 nutrimentis

172 2506 388 2588 propriorum
427 2507 628 2572 animalium
666 2507 820 2593 ipsarum
857 2507 1016 2592 priorisse
1054 2511 1090 2589 et
1128 2504 1330 2571 monialium

172 2597 300 2660 ibidem
337 2598 469 2663 decima
505 2599 685 2684 exigatur;
721 2598 913 2684 quinimmo
949 2598 1065 2684 porcio
1100 2597 1258 2682 priorisse
1294 2602 1330 2662 et

172 2689 373 2753 monialium
398 2691 445 2755 eis
468 2691 513 2756 sit
537 2691 654 2769 libera,
680 2697 715 2756 et
738 2690 855 2776 porcio
878 2689 997 2757 vicarii
1019 2689 1127 2755 libera
1150 2689 1216 2754 sibi
1238 2688 1285 2754 sit
1308 2709 1330 2755 a

171 2781 385 2863 prestacione
410 2782 539 2847 decime
563 2783 643 2848 hinc
667 2789 701 2848 et
726 2783 815 2848 inde.
863 2782 1053 2848 Habebunt
1077 2781 1186 2847 eciam
1209 2780 1329 2847 vicarii
1342 2805 1485 2851 monnau

171 2872 340 2936 decimam
375 2874 455 2951 feni,
482 2874 570 2953 lane,
597 2881 633 2940 et
659 2894 836 2960 agnorum,
862 2873 1063 2952 vitulorum,
1089 2872 1327 2959 porcellorum,
1341 2857 1455 2948 ζμ·

171 2963 601 3044 columbarumaucarum,
614 2967 829 3052 gallinarum,
841 2965 1025 3052 pullorum,
1036 2985 1152 3050 apum,
1160 2971 1327 3042 ortorum,
1341 2958 1477 2999 ΝΜ

171 3056 457 3136 molendinorum,
482 3058 552 3124 albi
576 3058 647 3137 lini,
681 3065 716 3124 et
747 3057 882 3137 canabi,
915 3064 951 3124 et
983 3077 1101 3123 omnes
1132 3055 1328 3123 oblaciones
1388 3109 1391 3116 .

170 3148 317 3231 majores
341 3155 375 3214 et
399 3151 557 3230 minores,
582 3157 617 3216 et
640 3151 831 3216 mortuaria
852 3170 932 3217 cum
955 3149 1103 3215 denariis
1125 3168 1327 3215 carucarum

170 3247 204 3304 et
242 3241 456 3325 ciragiorum,
494 3250 529 3308 et
566 3262 684 3308 omnes
720 3249 910 3328 proventus
946 3241 1031 3323 alios
1066 3260 1325 3326 quoscumque;

169 3333 321 3416 exceptis
333 3334 504 3400 distinctis
515 3335 734 3420 porcionibus
744 3335 902 3420 priorisse
913 3339 949 3399 et
958 3333 1161 3399 monialium
1171 3332 1327 3419 superius

170 3425 360 3509 assignatis.
408 3426 573 3492 Priorissa
596 3427 737 3512 quidem
761 3433 796 3492 et
820 3425 985 3492 moniales
1008 3425 1161 3510 predicte
1184 3424 1326 3511 singulis
1339 3408 1484 3511 ξξξῗῧῖω

169 3517 315 3594 vicariis,
342 3519 402 3601 qui
428 3540 490 3603 pro
516 3526 671 3604 tempore
696 3518 825 3584 ibidem
851 3517 989 3596 fuerint,
1015 3523 1168 3603 quatuor
1191 3535 1325 3583 marcas
1338 3511 1420 3605 ffi:

169 3608 409 3692 sterlingorum
427 3612 462 3675 in
479 3611 575 3676 iestis
592 3611 711 3677 Sancti
728 3610 868 3676 Martini
884 3610 920 3675 in
936 3629 1036 3695 yeme
1052 3614 1088 3674 et
1104 3608 1326 3675 Pentecostes

168 3721 229 3783 per
272 3703 409 3784 equales
453 3704 629 3787 porciones
672 3701 869 3788 persolvent
911 3701 1152 3768 nichilominus
1187 3700 1326 3766 nomine

169 3812 282 3855 annue
295 3800 329 3857 et
342 3801 506 3878 perpetue
518 3796 700 3879 pensionis.
747 3794 794 3860 Et
806 3793 952 3880 predicti
964 3793 1083 3859 vicarii
1094 3793 1211 3859 omnia
1222 3811 1327 3858 onera

170 3884 342 3949 ordinaria
383 3893 549 3971 perpetuo
591 3887 858 3973 subportabunt,
900 3886 1005 3952 libros
1046 3890 1082 3950 et
1122 3891 1327 3951 ornamenta

170 3976 307 4039 ecclesie
322 3979 568 4044 sustentabunt
582 3985 618 4044 et
631 3979 853 4065 reparabunt,
868 3984 904 4043 et
917 3998 1004 4043 onus
1017 3976 1158 4043 cancelli
1171 3981 1327 4043 constru-

170 4068 249 4131 endi
287 4088 347 4132 seu
385 4070 577 4153 reparandi,
616 4071 779 4155 quociens
815 4090 903 4155 opus
940 4069 1055 4148 fuerit,
1093 4066 1326 4135 sustinebunt.

170 4159 327 4223 Predicte
357 4167 475 4225 autem
504 4162 664 4246 priorissa
693 4168 728 4229 et
757 4160 934 4240 moniales,
964 4174 1005 4226 ac
1033 4160 1180 4247 predicti
1207 4158 1326 4226 vicarii

169 4251 384 4329 instituendi,
407 4252 449 4317 de
469 4253 629 4319 oneribus
649 4252 928 4319 extraordinariis
946 4272 1009 4338 pro
1029 4256 1107 4319 rata
1125 4250 1327 4337 porcionum

168 4364 320 4421 suarum,
337 4344 507 4423 videlicet,
524 4344 685 4429 priorissa
699 4351 734 4410 et
749 4344 914 4410 moniales
929 4363 992 4430 pro
1007 4342 1143 4411 duabus
1157 4341 1326 4429 partibua

168 4442 202 4499 et
228 4435 346 4499 vicarii
371 4457 434 4521 pro
459 4436 575 4516 tercia,
600 4437 703 4522 juxta
727 4434 946 4502 taxacionem
970 4433 1227 4514 norvicensem,
1251 4453 1327 4520 per·

165 4528 279 4613 petuis
316 4529 530 4614 temporibus
566 4528 833 4615 respondebunt.
881 4527 988 4614 Cujus
1023 4526 1150 4595 vicarie
1185 4525 1327 4596 collacio
