2994 4996
256 464 315 526 272
364 462 430 508 THE
453 462 617 509 REGISTER
639 464 682 509 OF
703 463 915 510 ARCHBISHOP
937 463 1086 509 WILLIAM
1108 463 1311 511 WlCKWANE.

256 617 339 703 quia
367 617 500 683 dictum
527 617 718 703 negocium,
747 638 817 683 non
844 624 919 683 tam
946 638 1009 703 pro
1036 623 1159 684 sancta
1186 618 1252 684 Dei
1279 618 1426 685 ecclesia

93 727 205 818 Hglpeshe
225 779 235 817 t
257 731 364 795 quam
387 710 516 774 honore
539 709 641 794 regio,
666 710 804 775 transiit
828 709 877 775 sic
900 710 1104 790 discussum,
1127 709 1164 775 in
1187 711 1425 778 misericordia

91 787 224 870 limfuppor
257 803 322 867 Dei
341 807 376 866 et
395 807 512 867 vestra
530 801 650 866 votive
668 822 765 886 spem
784 802 968 880 affiximus,
988 802 1084 886 quod
1102 822 1177 882 noS,
1196 803 1277 869 licet
1296 823 1424 888 parurn

93 929 176 970 m,
257 895 434 978 hucusque
472 893 670 972 meruimus,
709 894 804 978 quod
841 893 1008 972 dolemus
1048 899 1170 961 contra
1208 895 1424 962 detractores
1480 950 1484 961 .

256 993 392 1052 nostros
411 1007 527 1052 coram
546 985 645 1053 vobis
663 985 787 1051 saltem
800 991 948 1070 optentu
961 985 1026 1051 Dei
1044 986 1298 1071 supportabitis
1316 987 1424 1053 velud

256 1084 422 1156 vestrum,
452 1077 536 1162 quia
563 1077 730 1162 quicquid
758 1077 801 1142 de
829 1078 956 1144 invidis
986 1077 1052 1143 illis
1081 1079 1275 1164 contigerit
1306 1085 1424 1146 vester

93 1179 243 1230 Hewfflobev
256 1171 382 1236 erimus
413 1175 449 1234 et
480 1170 604 1234 merito
635 1170 828 1235 firmissime
859 1176 908 1235 et·
926 1169 1154 1235 infallibiliter
1183 1171 1287 1256 juxta
1319 1172 1422 1238 vires.

93 1232 130 1272 the
138 1243 163 1270 ro
178 1232 199 1270 al

92 1242 214 1331 commin,
256 1263 416 1328 Ceterum
429 1261 610 1347 scripsistis
628 1261 727 1327 nobis
743 1262 879 1327 noviter
895 1268 930 1327 et
948 1268 1104 1329 recenter
1119 1283 1189 1347 qua
1201 1264 1424 1349 supersedea-

93 1331 192 1422 ilioling
256 1376 334 1420 mus
356 1353 512 1438 capcioni
534 1353 753 1438 quorundam
777 1354 1104 1433 Beverlacencium3
1150 1355 1245 1440 quod
1281 1355 1425 1441 quidem

92 1431 226 1522 {ffffinssst
256 1446 462 1512 mandatum
482 1467 562 1511 cum
581 1466 718 1511 summa
738 1447 934 1511 reverencia
954 1447 1144 1531 recepimus
1164 1452 1200 1513 et
1220 1447 1424 1514 obedienter

92 1531 217 1632 ffiss’lgfiffig,
256 1538 515 1623 complebimus,
540 1538 630 1603 sicut
653 1543 784 1622 gratus,
808 1559 863 1616 ne,
888 1538 983 1623 quod
1007 1538 1110 1617 absit,
1134 1539 1423 1624 ingratitudinem

93 1633 188 1732 ml
200 1636 223 1672 ²⁰
256 1631 527 1697 committamus.
563 1629 633 1708 Set,
653 1650 741 1708 ecce,
761 1630 899 1695 domine
917 1630 1114 1714 predilecte‚
1133 1630 1193 1696 diu
1207 1637 1289 1698 ante
1307 1652 1424 1718 recep

94 1734 197 1782 severo
257 1723 390 1788 cionem
413 1721 571 1787 mandati
595 1722 713 1800 vestri,
738 1723 855 1787 omnia
878 1722 955 1788 loca
977 1728 1093 1788 nostre
1116 1723 1293 1808 provincie
1317 1724 1423 1790 eccle-

92 1787 220 1874 didit?
257 1815 396 1880 siastico
412 1814 555 1879 fecimus
572 1814 721 1898 supponi
737 1814 946 1898 iudicialiter
957 1814 1153 1893 interdict0,
1165 1815 1210 1880 ad
1227 1835 1296 1900 que
1306 1815 1368 1894 illi,
1385 1816 1423 1882 in

257 1912 373 1973 vestro
389 1906 487 1972 brevi
504 1905 670 1984 contenti,
688 1905 860 1984 videlicet,
880 1907 922 1971 R.
941 1906 1032 1972 filius
1048 1906 1174 1972 Sabine
1191 1913 1227 1972 et
1245 1907 1423 1974 Robertus

258 1998 450 2084 Ingelberd,
470 1998 681 2063 diverterent
700 2004 735 2063 et
753 2017 887 2063 moram
905 1999 1058 2064 facerent
1076 1999 1112 2063 in
1130 1999 1263 2079 eadem,
1282 2006 1318 2067 et
1336 2000 1424 2066 illud

257 2091 492 2168 interdictum,
526 2090 571 2155 ad
603 2090 826 2156 securitatem
859 2091 970 2156 tocius
1002 2091 1189 2175 provincie,
1222 2111 1266 2156 ne
1298 2092 1424 2158 morbo

257 2183 442 2268 quisquam
464 2183 638 2247 inficiatur
659 2182 857 2260 eorundem,
875 2182 990 2248 adhuc
1005 2183 1221 2267 frequencius
1243 2184 1422 2251 recitatur.

259 2276 300 2340 In
327 2281 452 2352 totam,
480 2275 583 2351 enim,
610 2275 825 2359 provinciam
851 2274 1116 2353 Eboracensem,
1144 2275 1189 2340 ad
1215 2276 1316 2362 cujus
1342 2277 1425 2342 sub·

258 2367 450 2432 versionem
478 2372 683 2451 perpetuam
710 2372 934 2432 cucurrerunt
961 2387 1023 2451 per
1050 2367 1301 2452 appellaciones
1329 2389 1422 2447 suas,

258 2460 458 2544 interjectas
473 2458 518 2523 ad
534 2459 718 2524 tuitionem
742 2458 838 2524 Sedis
853 2458 1119 2538 Cantuariensis,
1136 2459 1372 2526 inhumaniter
1386 2468 1424 2527 et

259 2552 408 2635 turpiter
434 2550 662 2635 deliquemnt.
709 2550 769 2616 Set
797 2551 839 2616 de
865 2551 1057 2636 vituperiis,
1084 2551 1313 2630 contumeliis,
1341 2542 1425 2619 conss

259 2644 366 2722 viciis,
393 2649 428 2708 et
453 2643 597 2728 injuriis,
623 2663 691 2727 que
715 2642 825 2721 nobis,
851 2643 1107 2728 archiepiscopo
1131 2650 1167 2709 et
1192 2643 1333 2710 domino
1358 2665 1423 2711 suo

258 2736 349 2820 ligio,
380 2736 542 2800 effronter
570 2740 606 2799 et
633 2734 783 2800 letaliter
811 2735 1014 2813 intulerunt,
1044 2736 1133 2800 sicut
1162 2735 1357 2814 audivistis,
1386 2743 1422 2804 et

259 2828 374 2893 inferri
411 2833 651 2912 procurarunt,
664 2818 675 2843 ²
688 2827 827 2912 penitus
862 2827 1097 2906 subticemus;
1169 2835 1349 2912 sperantes
1385 2836 1421 2895 et

260 2925 483 3004 expectantes
504 2920 599 3003 quod
622 2920 764 2984 redeant
787 2919 832 2984 ad
854 2920 1046 2985 emendam.
1093 2919 1141 2985 Et
1164 2920 1207 2985 de
1228 2919 1295 2986 hoc
1316 2921 1423 2987 inter·

260 3012 364 3089 dicto,
389 3012 418 3077 si
442 3011 566 3096 placet,
593 3011 638 3076 ad
662 3033 959 3096 quorumcumque
983 3011 1168 3096 strepitum
1192 3011 1327 3078 turbari
1351 3034 1422 3079 non

260 3103 393 3169 debetis
410 3104 467 3168 vel
484 3103 623 3182 offendi,
643 3109 696 3168 set
718 3125 781 3168 nos
799 3104 834 3169 in
852 3105 918 3169 hoc
939 3104 1004 3168 Dei
1021 3103 1239 3189 beneplacito
1256 3105 1423 3192 principis

260 3196 403 3261 dextera
425 3196 617 3261 confovere.
665 3196 731 3260 Per
753 3194 828 3262 illos
852 3196 943 3261 enim
967 3195 1054 3261 duos
1078 3196 1336 3277 tantummod0,
1361 3198 1422 3283 qui

260 3288 400 3353 rebelles
432 3287 570 3353 ecclesie
602 3294 781 3353 remanent
814 3295 850 3354 et
883 3287 1076 3373 degeneres,
1109 3288 1194 3354 fides
1227 3294 1421 3356 ceterorum

258 3380 427 3445 minuitur
452 3385 487 3445 et
514 3379 665 3458 vacillat,
693 3380 819 3464 quibus
846 3386 898 3445 est
925 3380 1047 3445 intime
1074 3380 1338 3447 condolendum.
1385 3380 1422 3448 Si

258 3471 353 3557 quid,
370 3472 485 3557 igitur,
502 3472 732 3537 dominacioni
747 3479 861 3538 vestre
877 3472 1056 3557 displiceat
1072 3472 1107 3537 in
1122 3474 1188 3538 hoc
1202 3473 1308 3551 factu,
1324 3473 1420 3559 quod

258 3570 395 3630 avertat
406 3564 613 3641 Altissimus,
621 3563 720 3629 nobis
730 3564 920 3649 injungatis
926 3564 1060 3649 plenius
1065 3565 1153 3630 velle
1158 3571 1325 3643 vestrum,
1338 3565 1422 3652 quia

259 3657 333 3721 Deo
351 3662 386 3721 et
409 3656 508 3722 vobis
531 3656 759 3734 studebimus,
781 3663 954 3741 qnatenus
974 3656 1172 3736 sufficimus
1191 3656 1421 3742 complacere;

258 3756 311 3815 set
327 3748 426 3814 vobis
437 3748 648 3834 displicuisse
663 3767 732 3813 non
748 3749 929 3826 credimus,
945 3768 1057 3833 neque
1072 3750 1157 3815 De0.
1196 3749 1342 3828 Datum,
1353 3756 1420 3817 etc.

302 3840 378 3925 684.
392 3840 773 3926 14kal.Junii(May19,
783 3841 892 3923 1281).
904 3841 1081 3927 Horneby.
1094 3840 1422 3909 Mandatefromthe

258 3933 466 4017 archbishop
480 3939 519 3998 to
533 3933 586 3998 his
600 3932 710 3998 bailiff
724 3933 761 3998 of
775 3933 988 4019 Scyrebume
998 3938 1036 3998 to
1046 3933 1125 4019 give
1139 3933 1234 4018 John
1249 3932 1292 3998 de
1307 3933 1422 4021 Lascy

258 4025 360 4091 seisin
375 4026 411 4090 of
426 4025 479 4091 his
493 4025 635 4110 holding
645 4025 680 4090 in
695 4025 755 4090 the
769 4025 940 4091 bailiwick
955 4026 990 4090 of
1004 4025 1229 4111 Scyrebume,
1245 4026 1300 4092 for
1308 4027 1422 4093 which

258 4118 302 4182 he
319 4117 390 4183 had
407 4117 490 4203 paid
507 4118 663 4202 homage,
683 4116 752 4183 and
768 4117 882 4183 would
894 4117 971 4202 give
987 4117 1138 4203 security
1154 4118 1208 4183 for
1224 4117 1279 4184 his
1294 4118 1402 4185 relief.

303 4209 378 4291 685.
427 4229 466 4274 11
490 4210 559 4275 kal.
583 4209 680 4293 Junii
705 4210 800 4295 (May
823 4227 876 4288 22,
903 4209 1012 4292 1281).
1059 4209 1234 4275 Wartone.
1281 4209 1420 4289 Pateat,

259 4308 337 4380 etc,
364 4301 459 4386 quod
483 4322 556 4380 nos,
582 4301 648 4380 W,
676 4309 754 4380 etc,
780 4301 933 4386 cepimus
958 4321 1019 4386 per
1042 4301 1198 4367 homines
1222 4308 1361 4368 nostros
1384 4303 1421 4368 in

259 4395 388 4459 foresta
412 4393 454 4457 de
478 4393 705 4459 Weruelmorl
732 4394 862 4459 domini
886 4393 1074 4472 Edmundi,
1110 4394 1264 4480 germani
1288 4394 1420 4460 domini

259 4486 368 4550 nostri
385 4486 482 4570 regis,
500 4492 570 4551 tres
586 4485 707 4552 damas
723 4492 758 4551 et
775 4486 928 4571 quinque
944 4486 1122 4570 capriolos

638 4587 867 4638 ¹Fwerwelmore.
906 4589 955 4640 Fo.
971 4588 1049 4638 laad.
