2994 4996
232 518 292 580 312
340 518 407 566 THE
429 518 593 566 REGISTER
613 519 655 565 OF
676 517 888 565 ARCHBISHOP
908 517 1057 565 WILLIAM
1077 516 1284 565 WlCKWANE.

72 678 211 720 amoveo
277 693 353 761 747.
400 675 564 741 Remocio
598 677 700 765 unius
725 676 884 743 monialis
909 677 952 743 de
978 698 1049 743 una
1074 676 1178 742 domo
1203 676 1253 743 ad
1279 676 1401 743 aliam.

72 729 170 770 anunot

71 779 213 869 ἕψω
234 767 396 834 Priorisse
430 774 465 833 et
498 768 685 835 conventui
718 769 761 834 de
794 769 999 854 Appeltone.
1046 768 1197 835 Provida
1231 768 1404 855 regularis

71 880 188 930 appleton.
234 860 411 945 discipline
435 860 580 926 tradicio
605 861 799 926 introduxit
823 868 864 927 ut
888 882 976 946 quos
1000 860 1188 927 domestice
1212 882 1402 928 conversa-

234 952 341 1018 cionis
366 953 521 1018 cohercio
539 953 719 1018 commode
744 953 887 1039 dirigere
912 973 982 1018 non
1007 953 1147 1038 poterit,
1173 952 1221 1019 ad
1246 953 1403 1020 salutem

233 1044 352 1110 similis
381 1044 601 1110 observancie
642 1045 844 1130 regularitas
872 1045 955 1110 locis
984 1045 1130 1111 discrete
1158 1050 1337 1131 temperet
1367 1046 1404 1111 in

184 1145 186 1149 '
233 1136 384 1202 semotis.
409 1136 579 1214 ceciliam,
596 1137 712 1222 igitur,
728 1136 771 1202 de
788 1137 918 1222 Kerby‚
934 1137 1119 1202 monialem
1135 1136 1178 1202 de
1194 1136 1402 1216 Rossedale,

234 1228 279 1293 ad
303 1249 366 1294 vos
390 1249 453 1313 pro
478 1229 673 1313 penitencia
697 1250 803 1314 quam
828 1229 859 1294 ei
883 1229 1098 1314 injmrximus
1122 1229 1404 1295 transmittimus

234 1320 429 1406 peragenda
444 1343 451 1398 ;
485 1341 552 1406 que
569 1327 621 1386 est
638 1320 810 1399 videlicet,
827 1327 868 1386 ut
885 1321 1074 1387 claustrum
1091 1321 1127 1385 in
1143 1320 1254 1407 gradu
1270 1320 1403 1387 ultimo

234 1413 360 1477 cotidie
395 1411 593 1491 custodiat;
665 1412 791 1478 divinis
826 1410 945 1479 officiis
981 1412 1112 1478 diurnis
1146 1413 1404 1499 nocturnisque

233 1505 367 1570 vicibus
391 1505 575 1590 vigilanter
599 1505 782 1584 intendat;
831 1505 867 1570 in
892 1506 1007 1584 chor0,
1033 1505 1225 1584 refectorio,
1252 1511 1290 1571 et
1316 1506 1404 1571 locis

234 1597 308 1662 aliis
331 1597 542 1682 quibuslibet
568 1597 603 1662 in
618 1605 792 1664 conventu
807 1604 1001 1663 extremum
1015 1604 1149 1663 statum
1162 1597 1309 1678 habeat,
1326 1619 1368 1665 ac
1383 1619 1405 1665 a

234 1690 409 1756 communi
444 1690 570 1755 solacio
607 1696 642 1755 et
694 1690 790 1756 exitu
841 1691 979 1775 penitus
1031 1689 1248 1769 excludatur,
1288 1691 1405 1757 donec

234 1782 469 1867 respiracionis
494 1803 554 1848 sue
579 1782 742 1848 meritum
756 1783 902 1848 suadeat
916 1782 1011 1867 quod
1026 1782 1223 1848 ordinemus
1238 1782 1345 1849 aliter
1358 1784 1403 1849 de

233 1875 365 1940 eadem.
409 1874 502 1939 Bene
524 1875 649 1953 valete,
672 1881 737 1940 etc.

71 1989 212 2081 {2⁰33ss
255 1981 352 2085 ⁸748.
400 1980 561 2046 Priorisse
580 1986 615 2045 et
634 1979 822 2045 conventui
841 1980 883 2044 de
903 1978 1099 2045 Rossedale.
1147 1979 1200 2044 De
1213 1999 1403 2047 conversa·

70 2092 93 2131 of
105 2091 210 2131 Rosedale
233 2073 339 2139 cronis
360 2078 473 2138 vestre
495 2073 677 2138 honestate
698 2093 861 2157 prospera
881 2072 966 2138 scire
987 2071 1165 2156 cupientes
1185 2070 1221 2136 in
1243 2071 1403 2138 Domino

72 2144 95 2180 to
103 2141 185 2181 receive

72 2192 109 2231 ue
119 2191 211 2233 areana
233 2172 268 2230 et
281 2165 442 2242 scincera,
458 2164 669 2230 visitacionis
683 2164 851 2242 debitum,
865 2185 972 2249 quam
986 2162 1080 2248 apud
1093 2183 1156 2228 vos
1169 2164 1404 2248 personaliter

70 2240 183 2333 ῧξῗέἒῖς
233 2277 388 2322 exercere
410 2277 480 2321 non
502 2277 685 2341 possumus
707 2257 742 2321 in
764 2256 927 2341 presenti,
958 2256 1083 2321 dilecto
1101 2255 1137 2320 in
1153 2254 1292 2320 Christo
1316 2256 1402 2335 filio,

233 2349 369 2416 officiali
385 2356 515 2426 nostr0,
533 2348 777 2426 commisimus,
796 2369 902 2434 quam
918 2348 1088 2413 intervos
1104 2348 1171 2412 hac
1187 2346 1263 2413 vice
1280 2347 1402 2433 ipsum
1445 2358 1449 2367 '

232 2442 393 2506 volumus
434 2461 599 2506 exercere.
647 2440 836 2506 Devocioni
877 2447 1002 2517 vestre,
1044 2439 1159 2524 igitur,
1202 2438 1403 2507 districcius

232 2532 451 2618 precipiendo
461 2533 667 2598 mandamus
677 2533 842 2618 quatinus
851 2532 1026 2617 prefatum
1036 2531 1215 2598 officialem
1225 2537 1401 2611 nostrum,

233 2626 278 2691 ad
300 2646 363 2691 vos
384 2646 447 2710 pro
468 2625 668 2710 hujusmodi
690 2624 879 2690 exercendo
901 2623 1114 2689 visitacionis
1135 2622 1248 2688 officio
1269 2623 1402 2689 declin-

233 2724 362 2795 antem,
388 2738 467 2782 cum
492 2717 611 2782 debita
635 2717 829 2782 reverencia
853 2715 1060 2794 admittatis
1086 2716 1230 2800 ejusque
1253 2716 1402 2783 monitis

233 2810 434 2875 obedienter
468 2809 618 2894 pareatis
653 2830 714 2895 per
749 2809 865 2874 omnia
900 2814 935 2873 et
971 2807 1171 2886 mandatis;
1242 2806 1402 2895 alioquin

233 2902 435 2979 sententias,
463 2922 550 2987 quas
577 2902 642 2967 rite
669 2901 787 2966 tulerit
814 2902 850 2966 in
877 2900 1029 2978 rebelles,
1057 2906 1152 2965 ratas
1177 2899 1401 2979 habebimus,

234 3015 359 3079 easque
388 2994 591 3072 sentencias,
621 3000 761 3059 auctore
790 2993 952 3072 Domino,
978 2991 1198 3058 inviolabiter
1220 2992 1402 3058 observari

236 3087 440 3169 [iaciemus]

279 3209 354 3275 749.
413 3189 559 3255 Articuli
591 3190 759 3274 propositi
791 3210 908 3255 coram
940 3209 1017 3274 rege
1040 3189 1076 3253 in
1097 3187 1331 3272 parliamento
1364 3194 1401 3254 et

235 3282 410 3368 responsio
429 3283 524 3348 iacta
543 3282 681 3348 eisdem.
741 3282 896 3364 (Printed
916 3282 952 3346 in
974 3282 1096 3346 Letters
1114 3281 1200 3363 from
1230 3280 1402 3347 Northem

235 3376 409 3461 Registers,
432 3378 518 3459 70.)1

279 3495 354 3565 750.
401 3478 646 3566 Dispensation
659 3485 697 3544 to
709 3478 860 3544 William
873 3478 915 3542 de
929 3477 1089 3563 Besigby,
1103 3477 1221 3562 priest,
1235 3477 1315 3542 who
1328 3478 1401 3543 had

235 3572 390 3638 received
405 3572 553 3638 without
568 3572 666 3636 leave
682 3572 742 3636 the
757 3572 874 3636 orders
889 3572 926 3636 ot
940 3570 1148 3648 subdeacon,
1166 3568 1310 3649 deacon,
1328 3570 1400 3635 and

235 3666 342 3751 priest
363 3665 452 3730 from
473 3665 532 3729 the
553 3664 677 3749 bishop
698 3665 734 3728 oi
754 3664 797 3729 D.
823 3662 893 3728 “in
914 3662 1072 3748 partibus
1092 3661 1352 3727 sismontanis.”

280 3785 355 3854 751.
402 3768 664 3834 Memorandum
691 3768 785 3852 quod
813 3767 955 3846 Alanus,
984 3767 1098 3833 dictus
1125 3767 1168 3832 de
1196 3766 1399 3842 Beverlaco,

236 3862 382 3946 scriptor
396 3860 652 3938 Lincolniensis‚
668 3866 787 3925 manet
802 3860 838 3924 in
853 3858 957 3924 domo
972 3859 1133 3925 Willelmi
1148 3858 1191 3924 de
1206 3858 1399 3938 Lincolnia,

236 3975 303 4039 que
334 3960 385 4019 est
416 3974 459 4017 ex
489 3952 649 4037 opposito
678 3952 745 4018 loci
774 3952 864 4017 illius
893 3951 954 4016 ubi
983 3951 1165 4037 justiciarii
1195 3951 1401 4017 itinerantes

236 4046 403 4112 sedebant
424 4045 610 4123 Lincolnie,
632 4044 674 4109 de
695 4045 821 4129 quibus
842 4044 1048 4129 inquiratur.

269 4211 495 4276 10np.72,1.5,
514 4211 587 4261 atter
608 4208 787 4258 “tenentes''
839 4208 978 4260 libertatis
992 4208 1132 4259 ecclesie.‘'
1182 4208 1265 4273 Onp.
1280 4208 1324 4267 73,
1339 4208 1357 4259 l
1372 4207 1397 4267 4,

234 4279 290 4329 add
324 4286 338 4303 ‘¹
360 4284 387 4328 et
409 4293 504 4328 servos
516 4278 541 4336 ;”
562 4277 618 4325 and
642 4276 692 4325 1.6
717 4277 789 4324 from
840 4275 935 4325 torob.
972 4314 978 4325 .
1016 4314 1022 4326 .
1060 4314 1075 4335 .,
1101 4276 1168 4326 read
1186 4275 1399 4335 observari,and

234 4349 345 4397 bottom
368 4346 440 4395 after
473 4344 612 4393 “ecclesie
643 4343 699 4391 et’'
732 4343 788 4392 add
841 4349 908 4392 note
937 4342 993 4391 line
1025 4343 1042 4392 3
1072 4342 1115 4392 for
1139 4347 1185 4394 etc.
1205 4342 1272 4393 read
1296 4346 1397 4393 um.

237 4418 355 4462 “cartas
367 4427 462 4477 regum
473 4411 572 4475 Anglie
586 4411 624 4459 eis
634 4423 787 4466 concessas,
842 4409 916 4458 Note
929 4414 959 4458 at
973 4409 1034 4458 side
1043 4409 1073 4460 of
1087 4417 1136 4475 top
1149 4409 1179 4459 ot
1190 4424 1219 4477 p.
1228 4408 1280 4461 78:
1296 4408 1400 4459 '‘Nott
1489 4438 1494 4451 ·

233 4485 261 4529 et
275 4481 311 4529 ad
324 4480 461 4537 collectas,
477 4479 576 4535 tallias,
592 4493 639 4527 seu
654 4476 787 4541 talliagia,
841 4476 980 4525 cautelam
995 4476 1068 4539 regis
1078 4482 1180 4527 contra
1189 4472 1341 4543 prelatos?

233 4553 261 4596 et
295 4547 456 4596 exacciones
499 4546 647 4610 injuriosas
690 4550 790 4595 contra
1348 4574 1361 4591 -.
