2994 4996
227 514 287 575 310
335 513 401 559 THE
423 511 587 558 REGISTER
608 511 650 557 OF
671 511 882 558 ARCHBISHOP
903 510 1052 555 WILLIAM
1073 507 1279 554 WICKWANE.

227 682 427 767 apostolica,
479 702 540 747 seu
583 701 802 766 quacumque
848 681 1014 747 firmitate
1055 679 1218 758 vallatis3
1263 679 1324 745 vel
1368 679 1398 746 si

227 774 322 840 dicti‘
345 774 415 840 duo
440 773 562 852 clerici,
600 779 661 839 aut
688 773 775 839 alter
813 794 942 852 eorum,
974 771 1170 839 beneficiati
1208 771 1395 852 existant;

227 873 289 932 aut
312 867 341 932 si
364 866 471 951 aliqui
493 886 595 950 super
618 865 815 950 recepcione
838 872 873 931 et
896 865 1090 950 provisione
1113 884 1177 930 sua
1198 863 1237 928 in
1260 863 1396 930 eisdem
1435 940 1438 945 ¹

227 958 375 1024 ecclesiis
389 965 536 1035 nostras
554 963 616 1023 aut
631 957 908 1042 predecessorum
923 963 1131 1034 nostrorum,
1149 955 1397 1023 Romanorum

226 1049 441 1135 pontificum,
458 1050 531 1115 sive
544 1050 737 1134 legatorum
752 1049 849 1115 Sedis
863 1048 1071 1134 Apostolice,
1086 1048 1223 1113 litteras
1237 1048 1397 1133 inpetra-

227 1148 319 1220 runt,
348 1149 383 1207 et
409 1162 528 1208 earum
555 1141 625 1206 sint
651 1141 781 1207 ibidem
808 1141 1017 1207 auctoritate
1044 1140 1183 1225 recepti,
1210 1140 1269 1205 vel
1296 1140 1397 1226 quod

226 1235 436 1319 recipiantur
461 1233 634 1312 insistant,
661 1234 788 1318 quibus
825 1254 886 1319 per
910 1234 976 1299 hoc
1000 1233 1133 1298 nullum
1158 1232 1397 1318 prejudicium

226 1333 429 1412 generetur3
468 1326 524 1391 vel
542 1325 571 1391 si
590 1325 843 1391 venerabilibus
862 1325 1028 1391 fratribus
1047 1324 1184 1403 nostriS,
1205 1324 1397 1410 archiepis-

226 1440 312 1503 copo
347 1418 558 1484 Eboracensi
593 1423 627 1482 et
663 1418 823 1503 episcopo
858 1416 1120 1502 Saresbyriensi,
1157 1422 1192 1481 et
1229 1417 1397 1502 capitulis

226 1511 445 1576 ecclesiarum
471 1510 636 1594 ipsarum,
664 1509 894 1575 communiter
920 1510 977 1574 vel
1004 1509 1153 1587 divisim,
1182 1530 1203 1574 a
1230 1508 1323 1574 Sede
1351 1510 1397 1576 sit

226 1603 301 1687 ipsa
317 1602 503 1679 indultum,
521 1602 616 1686 quod
632 1602 677 1667 ad
693 1601 926 1685 recepcionem
943 1607 978 1666 et
994 1601 1229 1686 provisionem
1245 1600 1399 1688 alicujus

226 1695 367 1760 minime
386 1700 582 1771 teneantur,
604 1699 639 1758 et
659 1693 704 1759 ad
723 1693 759 1758 id
779 1694 938 1779 compelli
957 1714 1017 1759 seu
1037 1692 1206 1771 interdici,
1227 1695 1399 1780 suspendi

228 1793 263 1852 et
280 1787 570 1851 excommunicari
584 1807 655 1851 non
671 1785 815 1870 possint,
833 1792 868 1851 et
884 1786 979 1871 quod
995 1785 1082 1852 alius
1098 1785 1141 1850 de
1156 1786 1347 1871 prebendis
1362 1794 1400 1854 et

228 1879 411 1957 beneficiis,
435 1879 479 1944 ad
501 1899 619 1944 eorum
641 1878 863 1944 collacionem
884 1878 1099 1963 conjunctim
1120 1884 1182 1943 aut
1203 1880 1399 1964 separatim

229 1971 479 2056 spectantibus,
535 1971 698 2057 cuiquam
751 1977 903 2056 nequeat
947 1970 1156 2037 auctoritate
1200 1973 1400 2057 apostolica

230 2064 410 2149 providere
442 2064 514 2130 sine
546 2064 821 2148 quibuscumque
854 2063 1039 2149 privilegiis
1072 2070 1134 2128 aut
1166 2063 1399 2150 indulgenciis

230 2157 321 2222 dicte
342 2156 449 2234 Sedis,
472 2176 532 2240 per
552 2177 620 2241 que
641 2155 858 2240 presentibus
879 2176 949 2221 non
970 2175 1131 2240 expressa
1151 2162 1213 2221 aut
1234 2158 1399 2225 totaliter

229 2270 300 2314 non
326 2248 454 2314 inserta
487 2248 630 2314 effectus
656 2248 857 2332 hujusmodi
882 2247 994 2333 gracie
1020 2247 1166 2333 inpediri
1192 2248 1312 2315 valeat
1339 2251 1399 2317 vel

230 2341 364 2418 deferri,
382 2346 416 2405 et
433 2340 476 2405 de
492 2340 618 2425 quibus
634 2360 851 2424 quorumque
868 2340 952 2405 totis
968 2338 1147 2405 tenoribus
1163 2339 1206 2404 de
1222 2340 1333 2407 verbo
1351 2343 1398 2408 ad

229 2433 375 2498 verbum
389 2433 425 2497 in
439 2432 521 2516 ipsis
534 2432 659 2497 litteris
673 2432 745 2496 fieri
760 2432 885 2497 debeat
899 2431 1033 2497 mencio
1047 2431 1203 2517 specialis
1217 2454 1226 2510 ;
1255 2440 1398 2500 contra-

230 2525 378 2590 dictores
406 2524 615 2589 auctoritate
642 2531 772 2601 nostra,
802 2523 1035 2608 appellacione
1063 2523 1269 2609 postposita,
1301 2547 1397 2592 com-

229 2616 409 2701 pescendo.
457 2617 541 2693 Has,
570 2622 699 2693 autem,
726 2615 861 2681 litteras
888 2615 1029 2681 extendi
1055 2615 1215 2681 volumus
1243 2615 1291 2682 ad
1318 2639 1397 2704 pre-

229 2708 360 2774 bendas
384 2728 452 2793 que
476 2708 570 2792 apud
587 2707 709 2773 Sedem
733 2707 970 2792 Apostolicam
994 2707 1196 2773 vacaverint
1219 2708 1396 2777 hactenus

229 2801 284 2867 vel
303 2800 491 2865 vacabunt.
1328 2858 1331 2863 .

66 2914 129 2974 rope¹
273 2910 347 2977 744.
395 2892 512 2958 8idus
531 2891 624 2970 Maii,
645 2913 736 2957 anno
756 2910 787 2969 2,
810 2892 906 2976 (May
924 2890 956 2970 8,
979 2890 1087 2972 1282).
1135 2891 1240 2976 Apud
1259 2892 1396 2961 Urbem

66 2965 200 3106 llllssnsslrl}
228 2985 400 3049 Veterem.
447 2984 617 3049 Martinus
652 2985 842 3068 episcopus
879 2990 957 3062 etc,
993 2983 1126 3049 dilectis
1161 2983 1250 3062 filiis,
1286 2986 1398 3071 priori

64 3066 216 3156 ffimss
229 3077 391 3141 Fratrum
410 3075 669 3141 Predieatorum
698 3076 866 3153 London,
891 3097 931 3140 ac
948 3075 1079 3141 decano
1097 3081 1132 3140 et
1150 3076 1397 3146 archidiacono

66 3147 216 3256 fflggfilnd
230 3167 424 3254 Leycestrie
453 3168 488 3232 in
518 3168 658 3233 ecclesia
687 3167 926 3246 Lincolniensi,
956 3168 1115 3246 salutem,
1145 3175 1210 3233 etc.
1257 3168 1397 3256 Signifi-

65 3265 181 3357 effi
231 3261 324 3326 cavit
344 3260 445 3325 nobis
465 3260 669 3325 venerabilis
690 3261 797 3325 frater
816 3267 943 3338 noster,
966 3260 1240 3345 archiepiscopus
1261 3262 1396 3330 Ebora·

66 3367 172 3408 moster
184 3371 207 3407 to
231 3353 351 3431 censis,
370 3353 476 3437 quod,
496 3374 576 3418 cum
594 3353 667 3437 ipse
685 3353 730 3418 ad
749 3353 867 3418 villam
886 3353 928 3418 de
948 3353 1144 3431 Beverlaco,
1164 3353 1397 3423 Eboracensis

66 3418 212 3508 ffifflffl-
232 3446 397 3532 dyocesis,
421 3445 657 3529 temporaliter
679 3453 713 3511 et
736 3445 960 3530 spiritualiter
982 3445 1047 3511 sibi
1069 3446 1274 3530 subjectam,
1299 3468 1395 3514 acce-

66 3519 218 3618 llll-loll&
232 3538 340 3616 deret,
365 3544 405 3603 ut
430 3538 465 3602 in
490 3538 631 3602 ecclesia
655 3538 761 3622 ipsius
786 3537 875 3615 ville,
901 3543 1005 3622 prout
1030 3537 1132 3602 officii
1155 3537 1208 3603 sui
1233 3538 1395 3607 debitum

66 3619 202 3718 {fthfiXffl‘l
232 3630 348 3716 exigit,
369 3630 509 3714 popu10,
530 3651 590 3694 sue
610 3650 689 3695 cure
709 3631 901 3707 commisso
923 3635 1128 3714 proponeret
1148 3631 1294 3695 verbum
1315 3633 1394 3713 Dei,

67 3719 139 3760 wll·
232 3723 386 3808 Rogerus
402 3722 445 3787 de
461 3722 668 3807 Tykeshulle
684 3729 719 3787 et
737 3722 906 3787 Ricardus
922 3721 1058 3799 Sabine,
1076 3721 1198 3799 clerici,
1216 3721 1395 3791 Robertus

231 3814 428 3900 Ingelberti,
453 3814 622 3879 Ricardus
646 3814 796 3900 Inglays,
819 3813 920 3898 layci,
944 3834 984 3878 ac
1006 3813 1213 3878 universitas
1235 3815 1393 3899 ejusdem

230 3906 320 3985 ville,
359 3926 489 3972 vesano
527 3905 623 3971 ducti
660 3906 794 3990 spiritu,
832 3905 1072 3990 multiplicatis
1109 3904 1319 3973 tumultibus
1356 3915 1393 3974 et

229 3998 574 4076 conclamacionibus,
611 3998 732 4063 laxato
769 3997 1002 4063 conviciorum
1039 3998 1146 4075 frene,
1184 3998 1220 4063 in
1258 3998 1392 4066 dictum

230 4091 535 4176 archiepiscopum,
570 4097 707 4174 patrem
741 4096 776 4155 et
809 4096 985 4175 pastorem
1019 4110 1148 4167 eorum,
1183 4089 1218 4154 in
1252 4091 1392 4175 publico

229 4189 426 4267 conspectu,
442 4189 483 4248 ut
498 4189 549 4247 est
564 4183 679 4260 moris,
696 4183 741 4248 ad
755 4182 1003 4267 predicandum
1018 4188 1192 4267 paratum,
1208 4182 1392 4248 escandere

230 4282 394 4360 ceperunt
426 4275 598 4353 effrontes,
630 4274 717 4340 adeo
747 4274 852 4359 quod,
883 4273 963 4338 licet
994 4274 1085 4339 idem
1116 4274 1392 4362 archiepiscopus

231 4387 349 4432 omnes
372 4373 407 4432 et
430 4365 581 4452 singulos
603 4367 776 4451 predictos
798 4387 859 4451 per
881 4366 1079 4450 frequentes
1100 4365 1310 4432 moniciones
1332 4366 1391 4453 pio

231 4458 401 4525 solicitare
434 4459 603 4523 niteretur
637 4458 776 4536 affectu,
811 4463 852 4523 ut
887 4458 931 4522 ab
965 4457 1158 4523 insolenciis
1190 4456 1391 4544 hujusmodi
1428 4516 1434 4527 .

232 4550 522 4635 conquiescerent,
559 4556 594 4614 et
630 4549 738 4615 eciam
774 4549 953 4628 resilirent,
990 4549 1083 4634 quia,
1120 4557 1250 4631 tamen,
1284 4548 1392 4619 iidem

1205 4612 1494 4964 «r
