2994 4996
15 1614 19 1622 '
72 1613 202 1652 Excommu-

230 472 288 534 168
338 490 404 534 THE
427 489 589 534 REGISTER
611 485 658 533 OF
674 488 885 533 ARCHBISHOP
906 487 1054 532 WILLIAM
1076 488 1278 532 WICKWANE.

231 642 576 719 anathematizamus
612 647 647 706 et
682 663 702 706 a
736 641 910 707 liminibus
943 646 1062 706 sancte
1096 641 1217 706 matris
1251 640 1391 706 ecclesie

233 735 410 810 abicimuS‚
429 740 534 818 atque
551 754 659 818 usque
677 733 721 797 ad
738 733 1012 798 satisfaccionem
1029 753 1216 817 congruam
1233 734 1278 798 ab
1295 732 1391 797 omni

234 826 387 890 fidelium
410 826 583 891 consorcio
606 830 883 910 sequestramus;
930 830 964 889 et
987 824 1136 908 insuper,
1160 824 1392 909 inquantum

234 919 312 1003 jura
327 924 361 982 et
376 918 553 982 libertates
568 917 705 981 ecclesie
717 923 833 981 nostre
848 916 1083 992 Eboracensis
1096 937 1202 1001 quam
1216 917 1393 981 notorium

236 1016 288 1074 est
311 1009 448 1074 ecclesie
471 1009 693 1072 Dunelmensi
714 1008 967 1092 metropolitico
988 1008 1063 1092 jure
1090 1028 1234 1092 preesse,
1258 1014 1293 1072 et
1315 1007 1393 1073 ideo

236 1102 281 1165 ad
292 1101 404 1185 ipsam
415 1100 614 1185 hujusmodi
626 1100 862 1164 visitacionem
875 1099 1119 1183 provincialem
1129 1100 1205 1184 jure
1217 1100 1394 1165 communi

236 1199 401 1276 spectare,
427 1192 574 1257 brachiis
598 1192 647 1256 sic
671 1192 820 1256 extentis
845 1213 905 1275 per
929 1191 1101 1256 maliciam
1125 1191 1308 1276 intringere
1332 1211 1393 1256 seu

236 1285 437 1369 perturbare
478 1284 703 1361 contendunt,
746 1291 808 1348 aut
848 1283 1015 1348 hactenus
1056 1289 1177 1348 contra
1216 1283 1393 1368 justiciam

236 1377 493 1459 perturbarunt,
525 1375 839 1440 excommunicatos
868 1396 939 1440 esse
968 1374 1103 1459 publice
1133 1375 1391 1440 denunciamus.

236 1468 325 1532 Fiat.
372 1468 461 1531 Fiat.
509 1467 629 1531 Amen.
677 1467 809 1532 Datum
827 1473 862 1532 et
880 1472 1008 1544 actum,
1028 1472 1093 1531 etc.

280 1574 354 1642 455.
402 1559 534 1622 Eodem
548 1559 602 1622 die
617 1565 651 1623 et
666 1579 766 1623 anno.
813 1558 917 1642 Apud
931 1558 1151 1623 Dunelmum.
1199 1560 1241 1623 In
1254 1559 1394 1623 nomine

72 1663 207 1710 nicationbr
236 1657 354 1715 sancte
374 1657 409 1714 et
428 1651 605 1714 individue
624 1650 803 1715 Trinitatis
823 1650 943 1715 Amen.
991 1651 1077 1714 Cum
1096 1671 1169 1728 noS,
1190 1650 1392 1728 WillelmuS,

72 1713 110 1752 the
120 1713 193 1752 archb.

71 1763 149 1862 gap}
168 1812 205 1851 ae
236 1742 514 1820 etc.,secundum
524 1748 659 1806 statuta
669 1749 1018 1827 sanctorum-patrum
1028 1743 1188 1826 patriam,
1200 1742 1392 1820 civitatem,

72 1864 136 1912 paor,
149 1862 192 1902 ana
237 1841 271 1898 et
286 1834 460 1918 propriam
475 1834 648 1918 dyocesim
663 1840 817 1898 nostram
832 1835 1084 1899 Eboracensem
1098 1855 1200 1918 super
1214 1834 1343 1899 clerum
1358 1840 1393 1898 et

71 1914 194 2003 3331,st
236 1927 403 2010 populum
426 1926 580 2010 ejusdem
604 1926 745 1990 diocesis
768 1933 894 2003 nostre,
919 1926 1115 2010 solempniis
1138 1946 1181 1990 ex
1204 1926 1394 1991 tradicione

73 2014 178 2054 Dumm-
235 2018 320 2102 juris
345 2018 379 2081 in
403 2018 469 2081 hoc
492 2039 574 2082 casu
598 2038 658 2101 per
681 2017 797 2082 omnia
821 2018 966 2082 fideliter
990 2018 1191 2095 observatis
1217 2038 1327 2102 nuper
1351 2038 1393 2082 ex

236 2109 337 2174 officii
358 2110 467 2174 nostri
489 2109 617 2185 debito,
640 2115 811 2192 quantum
834 2110 878 2173 ad
899 2130 961 2174 nos
983 2110 1121 2186 attinet,
1144 2109 1392 2186 visitassemus

236 2202 376 2265 demum
393 2201 621 2284 perspicacius
638 2202 858 2266 attendentes
875 2202 1059 2287 plusquam
1075 2201 1250 2266 notorium
1268 2222 1340 2266 esse
1358 2206 1393 2265 et

236 2315 257 2357 a
290 2293 486 2377 longissimo
521 2299 611 2356 retro
645 2298 811 2377 tempore,
846 2294 945 2377 cujus
978 2293 1143 2357 memoria
1176 2314 1246 2357 non
1280 2298 1391 2369 extat,

236 2384 457 2449 consimiliter
488 2385 652 2461 extitisse,
685 2385 778 2469 quod
810 2385 951 2449 ecclesia
981 2385 1136 2469 predicta
1167 2384 1394 2449 Eboracensis

72 2464 206 2553 ξῗθγξῗέῐώ
236 2497 338 2560 super
363 2476 539 2540 ecclesiam
566 2476 832 2541 Dunelmensem
859 2483 893 2541 et
919 2476 1140 2561 quamplures
1166 2476 1250 2542 alias
1276 2477 1393 2541 cathe-

72 2564 216 2663 {ffiffig
236 2567 347 2632 drales
368 2568 530 2652 primacie
553 2575 587 2632 et
609 2569 858 2652 metropolitice
881 2568 1060 2653 dignitatis
1081 2569 1227 2653 insignia
1249 2590 1269 2632 a
1292 2568 1393 2632 Beati

72 2676 171 2753 ἔξω
237 2660 330 2723 Petri
350 2680 500 2743 corpore,
522 2660 730 2725 auctoritate
750 2682 843 2725 sacre
864 2659 960 2724 Sedis
980 2660 1187 2744 Apostolice,
1208 2666 1394 2725 consecuta

172 2743 177 2754 '
236 2752 349 2816 iuerat
369 2752 413 2815 ab
433 2751 587 2836 antiquo,
607 2771 668 2836 per
686 2752 780 2835 quod
799 2752 976 2816 evidenter
994 2752 1134 2842 ecclesia
1153 2751 1394 2816 Dunelmensis

236 2842 291 2906 vel
306 2843 436 2921 recidit,
453 2844 507 2907 vel
523 2843 677 2920 intravit,
693 2844 728 2907 in
743 2843 982 2908 necessitatem
997 2844 1178 2908 obediendi
1194 2867 1201 2921 ;
1230 2843 1393 2928 quodque

72 2965 215 3014 nausson
236 2955 370 3018 semper
395 2936 618 3018 postmodum
644 2941 718 2999 tam
744 2935 843 3000 electi
869 2935 904 2999 in
931 2935 1108 3019 episcopos
1134 2936 1392 3013 Dunelmenses,

72 3016 95 3054 oi
106 3015 204 3054 Durham

72 3065 189 3104 mnf-„med
236 3048 342 3110 quam
371 3027 464 3110 prior
492 3034 527 3090 et
557 3034 758 3104 conventus,
790 3027 951 3112 eligentes
981 3027 1279 3092 confirmacionem
1309 3027 1394 3091 elec-

72 3115 179 3204 {lafita
237 3119 374 3182 cionum
414 3140 554 3183 suarum
594 3120 723 3203 pariter
763 3126 797 3184 et
838 3120 1119 3184 confirmatorum
1159 3119 1394 3204 quorumlibet

72 3219 155 3315 ffign
236 3210 529 3275 consecracionem
576 3213 621 3276 ab
655 3211 916 3294 archiepiscopis
950 3211 1235 3288 EboracensibuS,
1270 3216 1394 3295 utpote

156 3295 162 3314 '
236 3322 315 3365 vere
328 3302 602 3385 metropolitanis
616 3303 695 3380 suis,
711 3303 745 3367 in
759 3303 894 3388 signum
904 3303 1129 3387 subjeccionis
1140 3311 1174 3367 et
1185 3302 1393 3379 obediencie,

236 3414 344 3477 usque
359 3394 393 3457 in
406 3394 498 3458 hunc
511 3395 601 3458 diem
614 3401 730 3479 petere
743 3402 995 3459 consueverunt
1008 3401 1043 3458 et
1056 3396 1181 3459 habere
1197 3417 1204 3472 ;
1230 3393 1394 3478 quodque

236 3486 381 3569 quilibet
401 3484 528 3550 electus
547 3493 582 3550 et
601 3488 823 3551 confirmatus
842 3487 877 3550 in
897 3487 1095 3570 episcopum
1114 3486 1392 3571 Dunelmensem,

237 3577 326 3641 inter
352 3578 618 3643 consecracionis
645 3600 704 3642 sue
731 3578 930 3662 solempnia,
959 3578 1096 3643 ecclesie
1122 3577 1331 3642 Eboracensi
1358 3583 1393 3642 et

236 3668 342 3752 ipsius
374 3669 560 3752 presidenti
592 3670 795 3734 fidelitatem
827 3671 862 3734 in
894 3670 1030 3754 scriptis
1062 3673 1126 3751 [et]
1157 3668 1393 3734 obedienciam

71 3829 107 3858 m
237 3762 419 3844 profitetur
455 3766 490 3824 et
525 3761 635 3846 jurat1
672 3769 888 3826 sacramento
935 3761 1159 3846 postmodum
1203 3760 1392 3845 corporali:

70 3867 197 3918 enormen
236 3853 399 3936 quodque
432 3853 587 3936 quilibet,
622 3854 670 3918 sic
698 3855 921 3918 confirmatus
945 3859 980 3917 et
1005 3860 1223 3918 consecratus
1247 3852 1281 3917 in
1306 3852 1394 3936 epis-

236 3965 361 4028 copum
381 3945 657 4023 Dunelmensem,
678 3946 886 4011 auctoritate
905 3945 1149 4029 archiepiscopi
1168 3944 1395 4010 Eboracensis

236 4041 271 4100 et
296 4036 338 4100 de
363 4037 529 4100 mandato
554 4037 660 4121 ipsius
684 4038 987 4102 intronizacionem
1012 4037 1101 4102 sedis
1126 4058 1185 4101 sue
1201 4043 1236 4101 et
1260 4055 1394 4120 posses-

237 4127 368 4191 sionem
385 4128 504 4211 recipit
522 4130 732 4213 corporalem
748 4152 755 4207 ;
789 4130 951 4212 quodque
968 4129 1117 4213 episcopi
1135 4128 1394 4205 Dunelmenses,

69 4219 223 4319 {3333an
238 4220 282 4283 ad
324 4220 530 4284 mandatum
573 4221 818 4306 archiepiscopi
861 4221 1096 4298 EboracensiS,
1140 4242 1202 4305 pro
1245 4219 1397 4284 conciliis

69 4321 204 4371 wuncilsbi
236 4312 515 4395 provincialibus
549 4334 627 4378 cum
660 4334 713 4377 res
744 4312 910 4397 postulat,
943 4312 1165 4390 celebrandis,
1199 4312 1243 4376 ad
1275 4311 1397 4375 eadem

68 4369 102 4410 ὣς
113 4371 182 4420 Μ’
236 4403 380 4468 concilia
395 4425 437 4468 ex
452 4405 648 4469 obediencie
664 4405 782 4469 debito
798 4405 943 4469 veniunt
958 4411 993 4468 et
1008 4404 1181 4469 intersunt
1197 4427 1204 4482 ;
1235 4403 1400 4488 quodque

506 4520 690 4586 1Pr0fitentur
701 4525 725 4570 et
735 4522 830 4586 jurant
844 4535 880 4570 on
894 4520 963 4570 both
976 4521 1065 4570 lolios.
