<?xml version="1.0" encoding="UTF-8"?>
<!DOCTYPE html PUBLIC "-//W3C//DTD XHTML 1.0 Transitional//EN"
    "http://www.w3.org/TR/xhtml1/DTD/xhtml1-transitional.dtd">
<html xmlns="http://www.w3.org/1999/xhtml" xml:lang="en" lang="en">
 <head>
  <title>
</title>
<meta http-equiv="Content-Type" content="text/html;charset=utf-8" />
  <meta name='ocr-system' content='tesseract 3.04.00' />
  <meta name='ocr-capabilities' content='ocr_page ocr_carea ocr_par ocr_line ocrx_word'/>
</head>
<body>
  <div class='ocr_page' id='page_1' title='image "./registerwilliam00wickgoog_0361.png"; bbox 0 0 2994 4996; ppageno 0'>
   <div class='ocr_carea' id='block_1_1' title="bbox 245 448 1302 538">
    <p class='ocr_par' dir='ltr' id='par_1_1' title="bbox 245 448 1302 538">
     <span class='ocr_line' id='line_1_1' title="bbox 245 448 1302 538; baseline -0.001 -29"><span class='ocrx_word' id='word_1_1' title='bbox 245 464 305 526; x_wconf 85' lang='lat'>274</span> <span class='ocrx_word' id='word_1_2' title='bbox 345 463 421 531; x_wconf 23' lang='lat' dir='ltr'>„THE</span> <span class='ocrx_word' id='word_1_3' title='bbox 445 463 608 509; x_wconf 87' lang='lat' dir='ltr'>REGISTER</span> <span class='ocrx_word' id='word_1_4' title='bbox 629 464 671 508; x_wconf 84' lang='lat' dir='ltr'>oF</span> <span class='ocrx_word' id='word_1_5' title='bbox 693 463 906 538; x_wconf 62' lang='lat' dir='ltr'>ARCHBISHOP</span> <span class='ocrx_word' id='word_1_6' title='bbox 927 462 1076 508; x_wconf 83' lang='lat' dir='ltr'>WILLIAM</span> <span class='ocrx_word' id='word_1_7' title='bbox 1096 448 1302 509; x_wconf 75' lang='lat' dir='ltr'>WICKWANE&#39;.</span> 
     </span>
    </p>
   </div>
   <div class='ocr_carea' id='block_1_2' title="bbox 241 616 1469 1712">
    <p class='ocr_par' dir='ltr' id='par_1_2' title="bbox 241 616 1469 1712">
     <span class='ocr_line' id='line_1_2' title="bbox 242 616 1410 703; baseline 0.003 -23"><span class='ocrx_word' id='word_1_8' title='bbox 242 617 324 694; x_wconf 91' lang='lat' dir='ltr'>filio,</span> <span class='ocrx_word' id='word_1_9' title='bbox 345 617 485 682; x_wconf 92' lang='lat' dir='ltr'>domino</span> <span class='ocrx_word' id='word_1_10' title='bbox 507 618 640 702; x_wconf 90' lang='lat' dir='ltr'>Rogero</span> <span class='ocrx_word' id='word_1_11' title='bbox 661 617 703 681; x_wconf 92' lang='lat' dir='ltr'>de</span> <span class='ocrx_word' id='word_1_12' title='bbox 724 617 886 694; x_wconf 86' lang='lat' dir='ltr'>Maitone,</span> <span class='ocrx_word' id='word_1_13' title='bbox 907 616 1085 701; x_wconf 93' lang='lat' dir='ltr'>quondam</span> <span class='ocrx_word' id='word_1_14' title='bbox 1104 616 1272 701; x_wconf 90' lang='lat' dir='ltr'>magistro</span> <span class='ocrx_word' id='word_1_15' title='bbox 1293 617 1410 703; x_wconf 92' lang='lat' dir='ltr'>hospi·</span> 
     </span>
     <span class='ocr_line' id='line_1_3' title="bbox 243 708 1409 793; baseline 0 -19"><span class='ocrx_word' id='word_1_16' title='bbox 243 710 323 774; x_wconf 92' lang='lat' dir='ltr'>talis</span> <span class='ocrx_word' id='word_1_17' title='bbox 338 709 438 773; x_wconf 90' lang='lat' dir='ltr'>Beati</span> <span class='ocrx_word' id='word_1_18' title='bbox 453 710 622 774; x_wconf 92' lang='lat' dir='ltr'>Leonardi</span> <span class='ocrx_word' id='word_1_19' title='bbox 636 709 873 787; x_wconf 89' lang='lat' dir='ltr'>Eboracensis‚</span> <span class='ocrx_word' id='word_1_20' title='bbox 890 709 934 774; x_wconf 92' lang='lat' dir='ltr'>ad</span> <span class='ocrx_word' id='word_1_21' title='bbox 949 708 1134 793; x_wconf 82' lang='lat' dir='ltr'>aliqualem</span> <span class='ocrx_word' id='word_1_22' title='bbox 1148 709 1409 792; x_wconf 87' lang='lat' dir='ltr'>reparacionem</span> 
     </span>
     <span class='ocr_line' id='line_1_4' title="bbox 242 799 1409 886; baseline 0.002 -21"><span class='ocrx_word' id='word_1_23' title='bbox 242 801 338 866; x_wconf 91' lang='lat' dir='ltr'>ruine</span> <span class='ocrx_word' id='word_1_24' title='bbox 364 822 470 885; x_wconf 91' lang='lat' dir='ltr'>quam</span> <span class='ocrx_word' id='word_1_25' title='bbox 488 802 631 885; x_wconf 91' lang='lat' dir='ltr'>patitur,</span> <span class='ocrx_word' id='word_1_26' title='bbox 651 807 691 866; x_wconf 92' lang='lat' dir='ltr'>ut</span> <span class='ocrx_word' id='word_1_27' title='bbox 708 801 827 879; x_wconf 92' lang='lat' dir='ltr'>nostis,</span> <span class='ocrx_word' id='word_1_28' title='bbox 847 801 1023 886; x_wconf 84' lang='lat' dir='ltr'>repentine</span> <span class='ocrx_word' id='word_1_29' title='bbox 1052 799 1238 878; x_wconf 90' lang='lat' dir='ltr'>desolatus,</span> <span class='ocrx_word' id='word_1_30' title='bbox 1257 802 1409 867; x_wconf 90' lang='lat' dir='ltr'>auctori·</span> 
     </span>
     <span class='ocr_line' id='line_1_5' title="bbox 242 893 1469 977; baseline 0.002 -19"><span class='ocrx_word' id='word_1_31' title='bbox 242 900 316 958; x_wconf 90' lang='lat' dir='ltr'>tate</span> <span class='ocrx_word' id='word_1_32' title='bbox 344 893 484 958; x_wconf 89' lang='lat' dir='ltr'>Concilii</span> <span class='ocrx_word' id='word_1_33' title='bbox 510 915 620 977; x_wconf 86' lang='lat' dir='ltr'>nuper</span> <span class='ocrx_word' id='word_1_34' title='bbox 647 893 903 970; x_wconf 87' lang='lat' dir='ltr'>contulerimus,</span> <span class='ocrx_word' id='word_1_35' title='bbox 931 893 1062 958; x_wconf 92' lang='lat' dir='ltr'>intuitu</span> <span class='ocrx_word' id='word_1_36' title='bbox 1089 893 1256 958; x_wconf 78' lang='lat' dir='ltr'>caritatis</span> <span class='ocrx_word' id='word_1_37' title='bbox 1305 894 1414 974; x_wconf 84' lang='lat' dir='ltr'>Ecce,¹</span> <span class='ocrx_word' id='word_1_38' title='bbox 1465 950 1469 959; x_wconf 94' lang='lat'><em>.</em></span> 
     </span>
     <span class='ocr_line' id='line_1_6' title="bbox 242 984 1409 1068; baseline 0.003 -19"><span class='ocrx_word' id='word_1_39' title='bbox 242 985 398 1050; x_wconf 85' lang='lat' dir='ltr'>nonnulli</span> <span class='ocrx_word' id='word_1_40' title='bbox 414 985 648 1050; x_wconf 90' lang='lat' dir='ltr'>indevocionis</span> <span class='ocrx_word' id='word_1_41' title='bbox 660 985 731 1062; x_wconf 89' lang='lat' dir='ltr'>filii,</span> <span class='ocrx_word' id='word_1_42' title='bbox 749 985 814 1050; x_wconf 89' lang='lat' dir='ltr'>sub</span> <span class='ocrx_word' id='word_1_43' title='bbox 827 985 951 1050; x_wconf 90' lang='lat' dir='ltr'>umbra</span> <span class='ocrx_word' id='word_1_44' title='bbox 962 984 1104 1050; x_wconf 89' lang='lat' dir='ltr'>habitus</span> <span class='ocrx_word' id='word_1_45' title='bbox 1116 985 1282 1068; x_wconf 84' lang='lat' dir='ltr'>regularis</span> <span class='ocrx_word' id='word_1_46' title='bbox 1294 986 1409 1052; x_wconf 88' lang='lat' dir='ltr'>vitam</span> 
     </span>
     <span class='ocr_line' id='line_1_7' title="bbox 242 1077 1407 1162; baseline 0.002 -20"><span class='ocrx_word' id='word_1_47' title='bbox 242 1084 383 1162; x_wconf 82' lang='lat' dir='ltr'>agentes</span> <span class='ocrx_word' id='word_1_48' title='bbox 420 1077 651 1162; x_wconf 82' lang='lat' dir='ltr'>irregularem,</span> <span class='ocrx_word' id='word_1_49' title='bbox 686 1077 857 1155; x_wconf 89' lang='lat' dir='ltr'>monachi,</span> <span class='ocrx_word' id='word_1_50' title='bbox 884 1077 1056 1154; x_wconf 90' lang='lat' dir='ltr'>videlicet,</span> <span class='ocrx_word' id='word_1_51' title='bbox 1091 1077 1134 1141; x_wconf 91' lang='lat' dir='ltr'>de</span> <span class='ocrx_word' id='word_1_52' title='bbox 1167 1077 1407 1157; x_wconf 82' lang='lat' dir='ltr'>Ponteiracto,</span> 
     </span>
     <span class='ocr_line' id='line_1_8' title="bbox 242 1169 1409 1254; baseline 0.003 -21"><span class='ocrx_word' id='word_1_53' title='bbox 242 1190 321 1234; x_wconf 90' lang='lat' dir='ltr'>cum</span> <span class='ocrx_word' id='word_1_54' title='bbox 337 1170 406 1234; x_wconf 93' lang='lat' dir='ltr'>suis</span> <span class='ocrx_word' id='word_1_55' title='bbox 422 1170 656 1254; x_wconf 71' lang='lat' dir='ltr'>complicibus</span> <span class='ocrx_word' id='word_1_56' title='bbox 673 1169 873 1254; x_wconf 83' lang='lat' dir='ltr'>hujusmodi</span> <span class='ocrx_word' id='word_1_57' title='bbox 888 1169 1065 1234; x_wconf 90' lang='lat' dir='ltr'>collacioni</span> <span class='ocrx_word' id='word_1_58' title='bbox 1080 1174 1197 1234; x_wconf 89' lang='lat' dir='ltr'>nostre</span> <span class='ocrx_word' id='word_1_59' title='bbox 1212 1189 1249 1234; x_wconf 92' lang='lat' dir='ltr'>se</span> <span class='ocrx_word' id='word_1_60' title='bbox 1264 1170 1409 1236; x_wconf 82' lang='lat' dir='ltr'>fraudu·</span> 
     </span>
     <span class='ocr_line' id='line_1_9' title="bbox 241 1261 1408 1346; baseline 0.003 -21"><span class='ocrx_word' id='word_1_61' title='bbox 241 1261 766 1346; x_wconf 88' lang='lat' dir='ltr'>lenteropponentes,ecclesiam</span> <span class='ocrx_word' id='word_1_62' title='bbox 776 1261 888 1346; x_wconf 92' lang='lat' dir='ltr'>ipsam</span> <span class='ocrx_word' id='word_1_63' title='bbox 897 1261 932 1325; x_wconf 95' lang='lat' dir='ltr'>in</span> <span class='ocrx_word' id='word_1_64' title='bbox 943 1261 1167 1326; x_wconf 91' lang='lat' dir='ltr'>multitudine</span> <span class='ocrx_word' id='word_1_65' title='bbox 1178 1267 1408 1342; x_wconf 87' lang='lat' dir='ltr'>armatorum,</span> 
     </span>
     <span class='ocr_line' id='line_1_10' title="bbox 243 1353 1408 1433; baseline 0.003 -17"><span class='ocrx_word' id='word_1_66' title='bbox 243 1353 307 1417; x_wconf 93' lang='lat' dir='ltr'>Dei</span> <span class='ocrx_word' id='word_1_67' title='bbox 323 1353 520 1418; x_wconf 88' lang='lat' dir='ltr'>sanctuario</span> <span class='ocrx_word' id='word_1_68' title='bbox 536 1354 676 1417; x_wconf 91' lang='lat' dir='ltr'>minime</span> <span class='ocrx_word' id='word_1_69' title='bbox 693 1353 895 1430; x_wconf 71' lang='lat' dir='ltr'>deferentes</span> <span class='ocrx_word' id='word_1_70' title='bbox 912 1373 982 1417; x_wconf 94' lang='lat' dir='ltr'>non</span> <span class='ocrx_word' id='word_1_71' title='bbox 998 1353 1070 1417; x_wconf 91' lang='lat' dir='ltr'>sine</span> <span class='ocrx_word' id='word_1_72' title='bbox 1086 1353 1289 1419; x_wconf 82' lang='lat' dir='ltr'>intrusionis</span> <span class='ocrx_word' id='word_1_73' title='bbox 1305 1355 1408 1433; x_wconf 91' lang='lat' dir='ltr'>vici0,</span> 
     </span>
     <span class='ocr_line' id='line_1_11' title="bbox 244 1442 1409 1528; baseline 0.002 -18"><span class='ocrx_word' id='word_1_74' title='bbox 244 1446 468 1510; x_wconf 86' lang='lat' dir='ltr'>irreverenter</span> <span class='ocrx_word' id='word_1_75' title='bbox 486 1446 552 1510; x_wconf 93' lang='lat' dir='ltr'>hiis</span> <span class='ocrx_word' id='word_1_76' title='bbox 572 1445 693 1510; x_wconf 90' lang='lat' dir='ltr'>diebus</span> <span class='ocrx_word' id='word_1_77' title='bbox 712 1450 937 1528; x_wconf 90' lang='lat' dir='ltr'>occuparunt,</span> <span class='ocrx_word' id='word_1_78' title='bbox 958 1450 1004 1523; x_wconf 88' lang='lat' dir='ltr'>et,</span> <span class='ocrx_word' id='word_1_79' title='bbox 1026 1442 1061 1509; x_wconf 87' lang='lat' dir='ltr'>in</span> <span class='ocrx_word' id='word_1_80' title='bbox 1081 1445 1191 1510; x_wconf 86' lang='lat' dir='ltr'>nostri</span> <span class='ocrx_word' id='word_1_81' title='bbox 1211 1451 1247 1510; x_wconf 92' lang='lat' dir='ltr'>et</span> <span class='ocrx_word' id='word_1_82' title='bbox 1267 1446 1409 1512; x_wconf 83' lang='lat' dir='ltr'>ecclesie</span> 
     </span>
     <span class='ocr_line' id='line_1_12' title="bbox 243 1536 1410 1624; baseline 0.003 -23"><span class='ocrx_word' id='word_1_83' title='bbox 243 1544 359 1602; x_wconf 90' lang='lat' dir='ltr'>nostre</span> <span class='ocrx_word' id='word_1_84' title='bbox 387 1537 613 1602; x_wconf 88' lang='lat' dir='ltr'>Eboracensis</span> <span class='ocrx_word' id='word_1_85' title='bbox 639 1537 868 1622; x_wconf 81' lang='lat' dir='ltr'>prejudicium</span> <span class='ocrx_word' id='word_1_86' title='bbox 895 1542 930 1602; x_wconf 93' lang='lat' dir='ltr'>et</span> <span class='ocrx_word' id='word_1_87' title='bbox 957 1543 1209 1621; x_wconf 89' lang='lat' dir='ltr'>contemptum,</span> <span class='ocrx_word' id='word_1_88' title='bbox 1238 1536 1410 1624; x_wconf 88' lang='lat' dir='ltr'>dampna·</span> 
     </span>
     <span class='ocr_line' id='line_1_13' title="bbox 244 1629 1410 1712; baseline 0.002 -19"><span class='ocrx_word' id='word_1_89' title='bbox 244 1630 358 1694; x_wconf 89' lang='lat' dir='ltr'>biliter</span> <span class='ocrx_word' id='word_1_90' title='bbox 377 1630 425 1694; x_wconf 90' lang='lat' dir='ltr'>sic</span> <span class='ocrx_word' id='word_1_91' title='bbox 444 1629 601 1694; x_wconf 83' lang='lat' dir='ltr'>detinent</span> <span class='ocrx_word' id='word_1_92' title='bbox 621 1629 837 1712; x_wconf 85' lang='lat' dir='ltr'>occupatam.</span> <span class='ocrx_word' id='word_1_93' title='bbox 885 1629 976 1693; x_wconf 93' lang='lat' dir='ltr'>Hinc</span> <span class='ocrx_word' id='word_1_94' title='bbox 995 1636 1058 1706; x_wconf 94' lang='lat' dir='ltr'>est,</span> <span class='ocrx_word' id='word_1_95' title='bbox 1079 1650 1158 1694; x_wconf 90' lang='lat' dir='ltr'>cum</span> <span class='ocrx_word' id='word_1_96' title='bbox 1178 1629 1410 1697; x_wconf 86' lang='lat' dir='ltr'>ecclesiastice</span> 
     </span>
    </p>
   </div>
   <div class='ocr_carea' id='block_1_3' title="bbox 143 1720 1409 1806">
    <p class='ocr_par' dir='ltr' id='par_1_3' title="bbox 143 1720 1409 1806">
     <span class='ocr_line' id='line_1_14' title="bbox 143 1720 1409 1806; baseline 0.002 -20"><span class='ocrx_word' id='word_1_97' title='bbox 143 1721 147 1729; x_wconf 84' lang='lat'>&#39;</span> <span class='ocrx_word' id='word_1_98' title='bbox 179 1749 184 1760; x_wconf 94' lang='lat'>·</span> <span class='ocrx_word' id='word_1_99' title='bbox 244 1742 384 1787; x_wconf 89' lang='lat' dir='ltr'>censure</span> <span class='ocrx_word' id='word_1_100' title='bbox 404 1722 502 1806; x_wconf 94' lang='lat' dir='ltr'>vigor</span> <span class='ocrx_word' id='word_1_101' title='bbox 521 1721 566 1786; x_wconf 90' lang='lat' dir='ltr'>ad</span> <span class='ocrx_word' id='word_1_102' title='bbox 586 1721 839 1806; x_wconf 83' lang='lat' dir='ltr'>reprimendam</span> <span class='ocrx_word' id='word_1_103' title='bbox 859 1742 978 1786; x_wconf 92' lang='lat' dir='ltr'>eorum</span> <span class='ocrx_word' id='word_1_104' title='bbox 998 1720 1232 1786; x_wconf 89' lang='lat' dir='ltr'>insollenciam</span> <span class='ocrx_word' id='word_1_105' title='bbox 1252 1722 1409 1789; x_wconf 86' lang='lat' dir='ltr'>sufficere</span> 
     </span>
    </p>
   </div>
   <div class='ocr_carea' id='block_1_4' title="bbox 79 2184 213 2476">
    <p class='ocr_par' dir='ltr' id='par_1_4' title="bbox 79 2184 213 2434">
     <span class='ocr_line' id='line_1_15' title="bbox 79 2184 213 2224; baseline -0.007 0"><span class='ocrx_word' id='word_1_106' title='bbox 79 2185 125 2224; x_wconf 86' lang='lat' dir='ltr'>The</span> <span class='ocrx_word' id='word_1_107' title='bbox 136 2184 213 2224; x_wconf 87' lang='lat' dir='ltr'>monks</span> 
     </span>
     <span class='ocr_line' id='line_1_16' title="bbox 79 2246 201 2275; baseline 0 -1"><span class='ocrx_word' id='word_1_108' title='bbox 79 2246 104 2275; x_wconf 83' lang='lat' dir='ltr'>as</span> <span class='ocrx_word' id='word_1_109' title='bbox 114 2247 167 2274; x_wconf 88' lang='lat' dir='ltr'>soon</span> <span class='ocrx_word' id='word_1_110' title='bbox 177 2246 201 2274; x_wconf 87' lang='lat' dir='ltr'>as</span> 
     </span>
     <span class='ocr_line' id='line_1_17' title="bbox 80 2286 210 2325; baseline -0.008 0"><span class='ocrx_word' id='word_1_111' title='bbox 80 2286 117 2325; x_wconf 89' lang='lat' dir='ltr'>the</span> <span class='ocrx_word' id='word_1_112' title='bbox 128 2287 210 2325; x_wconf 81' lang='lat' dir='ltr'>secular</span> 
     </span>
     <span class='ocr_line' id='line_1_18' title="bbox 80 2346 204 2385; baseline 0 -11"><span class='ocrx_word' id='word_1_113' title='bbox 80 2347 151 2385; x_wconf 85' lang='lat' dir='ltr'>power</span> <span class='ocrx_word' id='word_1_114' title='bbox 160 2346 204 2374; x_wconf 82' lang='lat' dir='ltr'>was</span> 
     </span>
     <span class='ocr_line' id='line_1_19' title="bbox 79 2385 187 2434; baseline -0.019 -8"><span class='ocrx_word' id='word_1_115' title='bbox 79 2385 187 2434; x_wconf 86' lang='lat' dir='ltr'>removed,</span> 
     </span>
    </p>

    <p class='ocr_par' dir='ltr' id='par_1_5' title="bbox 79 2436 201 2476">
     <span class='ocr_line' id='line_1_20' title="bbox 79 2436 201 2476; baseline -0.016 0"><span class='ocrx_word' id='word_1_116' title='bbox 79 2436 201 2476; x_wconf 73' lang='lat' dir='ltr'>reenteted</span> 
     </span>
    </p>
   </div>
   <div class='ocr_carea' id='block_1_5' title="bbox 80 2486 217 2527">
    <p class='ocr_par' dir='ltr' id='par_1_6' title="bbox 80 2486 217 2527">
     <span class='ocr_line' id='line_1_21' title="bbox 80 2486 217 2527; baseline -0.007 0"><span class='ocrx_word' id='word_1_117' title='bbox 80 2487 117 2527; x_wconf 87' lang='lat' dir='ltr'>the</span> <span class='ocrx_word' id='word_1_118' title='bbox 131 2486 217 2526; x_wconf 85' lang='lat' dir='ltr'>church.</span> 
     </span>
    </p>
   </div>
   <div class='ocr_carea' id='block_1_6' title="bbox 81 3744 213 4096">
    <p class='ocr_par' dir='ltr' id='par_1_7' title="bbox 81 3744 213 4096">
     <span class='ocr_line' id='line_1_22' title="bbox 81 3744 213 3784; baseline 0 0"><span class='ocrx_word' id='word_1_119' title='bbox 81 3744 111 3784; x_wconf 84' lang='lat' dir='ltr'>Te</span> <span class='ocrx_word' id='word_1_120' title='bbox 121 3745 213 3784; x_wconf 78' lang='lat' dir='ltr'>Alexan</span> 
     </span>
     <span class='ocr_line' id='line_1_23' title="bbox 81 3795 178 3844; baseline 0 -10"><span class='ocrx_word' id='word_1_121' title='bbox 81 3795 119 3834; x_wconf 86' lang='lat' dir='ltr'>der</span> <span class='ocrx_word' id='word_1_122' title='bbox 129 3796 178 3844; x_wconf 88' lang='lat'>111</span> 
     </span>
     <span class='ocr_line' id='line_1_24' title="bbox 81 3845 167 3895; baseline 0.012 -11"><span class='ocrx_word' id='word_1_123' title='bbox 81 3845 133 3895; x_wconf 85' lang='lat' dir='ltr'>king</span> <span class='ocrx_word' id='word_1_124' title='bbox 144 3845 167 3885; x_wconf 82' lang='lat' dir='ltr'>oi</span> 
     </span>
     <span class='ocr_line' id='line_1_25' title="bbox 81 3895 190 3944; baseline -0.01 -9"><span class='ocrx_word' id='word_1_125' title='bbox 81 3896 108 3935; x_wconf 86' lang='lat' dir='ltr'>Sc</span> <span class='ocrx_word' id='word_1_126' title='bbox 109 3897 153 3935; x_wconf 83' lang='lat' dir='ltr'>oua</span> <span class='ocrx_word' id='word_1_127' title='bbox 154 3895 190 3944; x_wconf 92' lang='lat' dir='ltr'>nd,</span> 
     </span>
     <span class='ocr_line' id='line_1_26' title="bbox 81 3946 198 3995; baseline 0 -11"><span class='ocrx_word' id='word_1_128' title='bbox 81 3946 198 3995; x_wconf 76' lang='lat' dir='ltr'>promising</span> 
     </span>
     <span class='ocr_line' id='line_1_27' title="bbox 83 3996 145 4036; baseline 0.016 -1"><span class='ocrx_word' id='word_1_129' title='bbox 83 3996 145 4036; x_wconf 85' lang='lat' dir='ltr'>todo</span> 
     </span>
     <span class='ocr_line' id='line_1_28' title="bbox 81 4047 195 4096; baseline 0 -11"><span class='ocrx_word' id='word_1_130' title='bbox 81 4047 159 4096; x_wconf 82' lang='lat' dir='ltr'>Justioe</span> <span class='ocrx_word' id='word_1_131' title='bbox 171 4050 195 4086; x_wconf 93' lang='lat' dir='ltr'>to</span> 
     </span>
    </p>
   </div>
   <div class='ocr_carea' id='block_1_7' title="bbox 83 4097 213 4187">
    <p class='ocr_par' dir='ltr' id='par_1_8' title="bbox 83 4097 213 4187">
     <span class='ocr_line' id='line_1_29' title="bbox 83 4097 213 4187; baseline 0 -1"><span class='ocrx_word' id='word_1_132' title='bbox 83 4097 213 4187; x_wconf 50' lang='lat' dir='ltr'>gihittntieldif</span> 
     </span>
    </p>
   </div>
   <div class='ocr_carea' id='block_1_8' title="bbox 83 4246 179 4289">
    <p class='ocr_par' dir='ltr' id='par_1_9' title="bbox 83 4246 179 4289">
     <span class='ocr_line' id='line_1_30' title="bbox 83 4246 179 4289; baseline -0.033 0"><span class='ocrx_word' id='word_1_133' title='bbox 83 4248 121 4289; x_wconf 73' lang='lat' dir='ltr'>Po.</span> <span class='ocrx_word' id='word_1_134' title='bbox 130 4246 179 4289; x_wconf 75' lang='lat' dir='ltr'>oed</span> 
     </span>
    </p>
   </div>
   <div class='ocr_carea' id='block_1_9' title="bbox 241 1813 1410 4477">
    <p class='ocr_par' dir='ltr' id='par_1_10' title="bbox 241 1813 1410 3742">
     <span class='ocr_line' id='line_1_31' title="bbox 244 1813 1408 1898; baseline 0.003 -20"><span class='ocrx_word' id='word_1_135' title='bbox 244 1821 393 1897; x_wconf 91' lang='lat' dir='ltr'>nequeat</span> <span class='ocrx_word' id='word_1_136' title='bbox 421 1814 456 1878; x_wconf 95' lang='lat' dir='ltr'>in</span> <span class='ocrx_word' id='word_1_137' title='bbox 483 1813 666 1898; x_wconf 70' lang='lat' dir='ltr'>premissis</span> <span class='ocrx_word' id='word_1_138' title='bbox 695 1813 900 1898; x_wconf 88' lang='lat' dir='ltr'>paternitati</span> <span class='ocrx_word' id='word_1_139' title='bbox 926 1818 1041 1878; x_wconf 91' lang='lat' dir='ltr'>vestre</span> <span class='ocrx_word' id='word_1_140' title='bbox 1068 1813 1199 1878; x_wconf 90' lang='lat' dir='ltr'>intimis</span> <span class='ocrx_word' id='word_1_141' title='bbox 1216 1814 1408 1881; x_wconf 90' lang='lat' dir='ltr'>visceribus</span> 
     </span>
     <span class='ocr_line' id='line_1_32' title="bbox 244 1905 1409 1991; baseline 0.004 -22"><span class='ocrx_word' id='word_1_142' title='bbox 244 1905 406 1971; x_wconf 87' lang='lat' dir='ltr'>duximus</span> <span class='ocrx_word' id='word_1_143' title='bbox 423 1906 688 1990; x_wconf 87' lang='lat' dir='ltr'>supplicandum</span> <span class='ocrx_word' id='word_1_144' title='bbox 705 1906 881 1990; x_wconf 89' lang='lat' dir='ltr'>quatinus,</span> <span class='ocrx_word' id='word_1_145' title='bbox 900 1926 940 1970; x_wconf 91' lang='lat' dir='ltr'>ea</span> <span class='ocrx_word' id='word_1_146' title='bbox 956 1925 1024 1990; x_wconf 93' lang='lat' dir='ltr'>que</span> <span class='ocrx_word' id='word_1_147' title='bbox 1042 1905 1182 1970; x_wconf 93' lang='lat' dir='ltr'>domino</span> <span class='ocrx_word' id='word_1_148' title='bbox 1198 1907 1270 1991; x_wconf 88' lang='lat' dir='ltr'>regi</span> <span class='ocrx_word' id='word_1_149' title='bbox 1287 1914 1409 1973; x_wconf 91' lang='lat' dir='ltr'>nostro</span> 
     </span>
     <span class='ocr_line' id='line_1_33' title="bbox 243 1997 1410 2082; baseline 0.002 -19"><span class='ocrx_word' id='word_1_150' title='bbox 243 1998 424 2063; x_wconf 90' lang='lat' dir='ltr'>scribimus</span> <span class='ocrx_word' id='word_1_151' title='bbox 441 1999 475 2062; x_wconf 96' lang='lat' dir='ltr'>in</span> <span class='ocrx_word' id='word_1_152' title='bbox 492 1998 557 2062; x_wconf 91' lang='lat' dir='ltr'>hac</span> <span class='ocrx_word' id='word_1_153' title='bbox 573 2005 672 2082; x_wconf 92' lang='lat' dir='ltr'>parte</span> <span class='ocrx_word' id='word_1_154' title='bbox 689 1997 926 2063; x_wconf 85' lang='lat' dir='ltr'>favorabiliter</span> <span class='ocrx_word' id='word_1_155' title='bbox 941 2005 1197 2082; x_wconf 88' lang='lat' dir='ltr'>prosequentes,</span> <span class='ocrx_word' id='word_1_156' title='bbox 1216 1999 1410 2065; x_wconf 90' lang='lat' dir='ltr'>remedium</span> 
     </span>
     <span class='ocr_line' id='line_1_34' title="bbox 243 2090 1409 2175; baseline 0.003 -21"><span class='ocrx_word' id='word_1_157' title='bbox 243 2111 345 2174; x_wconf 90' lang='lat' dir='ltr'>super</span> <span class='ocrx_word' id='word_1_158' title='bbox 357 2091 442 2168; x_wconf 90' lang='lat' dir='ltr'>istis,</span> <span class='ocrx_word' id='word_1_159' title='bbox 456 2090 516 2155; x_wconf 95' lang='lat' dir='ltr'>obl</span> <span class='ocrx_word' id='word_1_160' title='bbox 534 2091 645 2154; x_wconf 91' lang='lat' dir='ltr'>solum</span> <span class='ocrx_word' id='word_1_161' title='bbox 658 2091 771 2154; x_wconf 91' lang='lat' dir='ltr'>Deum</span> <span class='ocrx_word' id='word_1_162' title='bbox 787 2090 886 2175; x_wconf 86' lang='lat' dir='ltr'>cujus</span> <span class='ocrx_word' id='word_1_163' title='bbox 901 2090 1082 2175; x_wconf 84' lang='lat' dir='ltr'>negocium</span> <span class='ocrx_word' id='word_1_164' title='bbox 1099 2090 1224 2174; x_wconf 89' lang='lat' dir='ltr'>agitur,</span> <span class='ocrx_word' id='word_1_165' title='bbox 1241 2091 1409 2157; x_wconf 88' lang='lat' dir='ltr'>adhibere</span> 
     </span>
     <span class='ocr_line' id='line_1_35' title="bbox 244 2181 1410 2267; baseline 0.003 -21"><span class='ocrx_word' id='word_1_166' title='bbox 244 2183 430 2267; x_wconf 83' lang='lat' dir='ltr'>dignemini</span> <span class='ocrx_word' id='word_1_167' title='bbox 463 2189 685 2266; x_wconf 90' lang='lat' dir='ltr'>oportunum.</span> <span class='ocrx_word' id='word_1_168' title='bbox 731 2181 826 2247; x_wconf 90' lang='lat' dir='ltr'>Alias</span> <span class='ocrx_word' id='word_1_169' title='bbox 857 2182 998 2266; x_wconf 88' lang='lat' dir='ltr'>quidem</span> <span class='ocrx_word' id='word_1_170' title='bbox 1031 2182 1213 2266; x_wconf 87' lang='lat' dir='ltr'>scripserat</span> <span class='ocrx_word' id='word_1_171' title='bbox 1245 2182 1410 2249; x_wconf 91' lang='lat' dir='ltr'>dominus</span> 
     </span>
     <span class='ocr_line' id='line_1_36' title="bbox 243 2273 1408 2358; baseline 0.003 -20"><span class='ocrx_word' id='word_1_172' title='bbox 243 2296 303 2338; x_wconf 86' lang='lat' dir='ltr'>rex</span> <span class='ocrx_word' id='word_1_173' title='bbox 327 2275 521 2339; x_wconf 91' lang='lat' dir='ltr'>vicecomiti</span> <span class='ocrx_word' id='word_1_174' title='bbox 545 2274 754 2339; x_wconf 86' lang='lat' dir='ltr'>Eboracensi</span> <span class='ocrx_word' id='word_1_175' title='bbox 778 2294 840 2358; x_wconf 93' lang='lat' dir='ltr'>pro</span> <span class='ocrx_word' id='word_1_176' title='bbox 863 2273 975 2338; x_wconf 89' lang='lat' dir='ltr'>laicali</span> <span class='ocrx_word' id='word_1_177' title='bbox 999 2279 1175 2358; x_wconf 89' lang='lat' dir='ltr'>potestate</span> <span class='ocrx_word' id='word_1_178' title='bbox 1198 2276 1408 2355; x_wconf 89' lang='lat' dir='ltr'>amovenda,</span> 
     </span>
     <span class='ocr_line' id='line_1_37' title="bbox 243 2365 1410 2451; baseline 0.003 -20"><span class='ocrx_word' id='word_1_179' title='bbox 243 2368 337 2451; x_wconf 93' lang='lat' dir='ltr'>quod</span> <span class='ocrx_word' id='word_1_180' title='bbox 355 2367 575 2431; x_wconf 89' lang='lat' dir='ltr'>attendentes</span> <span class='ocrx_word' id='word_1_181' title='bbox 591 2366 762 2443; x_wconf 89' lang='lat' dir='ltr'>monachi,</span> <span class='ocrx_word' id='word_1_182' title='bbox 780 2372 899 2430; x_wconf 90' lang='lat' dir='ltr'>amota</span> <span class='ocrx_word' id='word_1_183' title='bbox 914 2366 950 2430; x_wconf 96' lang='lat' dir='ltr'>vi</span> <span class='ocrx_word' id='word_1_184' title='bbox 966 2365 1089 2443; x_wconf 89' lang='lat' dir='ltr'>laicali,</span> <span class='ocrx_word' id='word_1_185' title='bbox 1106 2386 1179 2431; x_wconf 91' lang='lat' dir='ltr'>sese</span> <span class='ocrx_word' id='word_1_186' title='bbox 1195 2366 1231 2431; x_wconf 93' lang='lat' dir='ltr'>in</span> <span class='ocrx_word' id='word_1_187' title='bbox 1247 2368 1410 2434; x_wconf 92' lang='lat' dir='ltr'>multitu·</span> 
     </span>
     <span class='ocr_line' id='line_1_38' title="bbox 245 2458 1409 2538; baseline 0.002 -15"><span class='ocrx_word' id='word_1_188' title='bbox 245 2460 326 2524; x_wconf 92' lang='lat' dir='ltr'>dine</span> <span class='ocrx_word' id='word_1_189' title='bbox 349 2466 562 2523; x_wconf 87' lang='lat' dir='ltr'>armatorum</span> <span class='ocrx_word' id='word_1_190' title='bbox 587 2458 846 2536; x_wconf 89' lang='lat' dir='ltr'>monachon1m‚</span> <span class='ocrx_word' id='word_1_191' title='bbox 873 2458 1044 2536; x_wconf 90' lang='lat' dir='ltr'>videlicet,</span> <span class='ocrx_word' id='word_1_192' title='bbox 1072 2464 1107 2523; x_wconf 91' lang='lat' dir='ltr'>et</span> <span class='ocrx_word' id='word_1_193' title='bbox 1132 2458 1347 2538; x_wconf 90' lang='lat' dir='ltr'>clericorum,</span> <span class='ocrx_word' id='word_1_194' title='bbox 1374 2461 1409 2525; x_wconf 94' lang='lat' dir='ltr'>in</span> 
     </span>
     <span class='ocr_line' id='line_1_39' title="bbox 244 2550 1410 2635; baseline 0.003 -20"><span class='ocrx_word' id='word_1_195' title='bbox 244 2551 326 2635; x_wconf 89' lang='lat' dir='ltr'>regii</span> <span class='ocrx_word' id='word_1_196' title='bbox 360 2551 546 2615; x_wconf 91' lang='lat' dir='ltr'>elusionem</span> <span class='ocrx_word' id='word_1_197' title='bbox 580 2550 748 2627; x_wconf 90' lang='lat' dir='ltr'>mandati,</span> <span class='ocrx_word' id='word_1_198' title='bbox 783 2550 983 2635; x_wconf 83' lang='lat' dir='ltr'>hujusmodi</span> <span class='ocrx_word' id='word_1_199' title='bbox 1016 2551 1174 2635; x_wconf 88' lang='lat' dir='ltr'>potencie</span> <span class='ocrx_word' id='word_1_200' title='bbox 1208 2551 1410 2627; x_wconf 84' lang='lat' dir='ltr'>terribiliter</span> 
     </span>
     <span class='ocr_line' id='line_1_40' title="bbox 243 2642 1409 2727; baseline 0.003 -20"><span class='ocrx_word' id='word_1_201' title='bbox 243 2644 485 2727; x_wconf 86' lang='lat' dir='ltr'>subrogarunt,</span> <span class='ocrx_word' id='word_1_202' title='bbox 517 2664 557 2707; x_wconf 92' lang='lat' dir='ltr'>ac</span> <span class='ocrx_word' id='word_1_203' title='bbox 587 2642 813 2706; x_wconf 90' lang='lat' dir='ltr'>ecclesiastice</span> <span class='ocrx_word' id='word_1_204' title='bbox 843 2642 1020 2726; x_wconf 89' lang='lat' dir='ltr'>discipline</span> <span class='ocrx_word' id='word_1_205' title='bbox 1050 2643 1297 2708; x_wconf 87' lang='lat' dir='ltr'>auctoritatem</span> <span class='ocrx_word' id='word_1_206' title='bbox 1327 2665 1409 2710; x_wconf 91' lang='lat' dir='ltr'>con·</span> 
     </span>
     <span class='ocr_line' id='line_1_41' title="bbox 242 2734 1410 2819; baseline 0.003 -20"><span class='ocrx_word' id='word_1_207' title='bbox 242 2741 471 2819; x_wconf 91' lang='lat' dir='ltr'>tempnentes,</span> <span class='ocrx_word' id='word_1_208' title='bbox 486 2741 670 2818; x_wconf 89' lang='lat' dir='ltr'>spretaque</span> <span class='ocrx_word' id='word_1_209' title='bbox 683 2734 902 2819; x_wconf 80' lang='lat' dir='ltr'>professionis</span> <span class='ocrx_word' id='word_1_210' title='bbox 915 2734 1068 2819; x_wconf 90' lang='lat' dir='ltr'>religiose</span> <span class='ocrx_word' id='word_1_211' title='bbox 1080 2735 1275 2813; x_wconf 90' lang='lat' dir='ltr'>honestate,</span> <span class='ocrx_word' id='word_1_212' title='bbox 1290 2736 1410 2802; x_wconf 87' lang='lat' dir='ltr'>taliter</span> 
     </span>
     <span class='ocr_line' id='line_1_42' title="bbox 243 2825 1407 2912; baseline 0.003 -21"><span class='ocrx_word' id='word_1_213' title='bbox 243 2828 447 2911; x_wconf 90' lang='lat' dir='ltr'>possessioni</span> <span class='ocrx_word' id='word_1_214' title='bbox 482 2827 637 2912; x_wconf 82' lang='lat' dir='ltr'>ejusdem</span> <span class='ocrx_word' id='word_1_215' title='bbox 671 2825 809 2891; x_wconf 90' lang='lat' dir='ltr'>ecclesie</span> <span class='ocrx_word' id='word_1_216' title='bbox 844 2826 1060 2904; x_wconf 92' lang='lat' dir='ltr'>incumbunt,</span> <span class='ocrx_word' id='word_1_217' title='bbox 1096 2826 1282 2911; x_wconf 89' lang='lat' dir='ltr'>plusquam</span> <span class='ocrx_word' id='word_1_218' title='bbox 1316 2827 1407 2907; x_wconf 87' lang='lat' dir='ltr'>laici,</span> 
     </span>
     <span class='ocr_line' id='line_1_43' title="bbox 241 2918 1407 3004; baseline 0.003 -21"><span class='ocrx_word' id='word_1_219' title='bbox 241 2921 347 3003; x_wconf 82' lang='lat' dir='ltr'>procli</span> <span class='ocrx_word' id='word_1_220' title='bbox 365 2919 472 2996; x_wconf 92' lang='lat' dir='ltr'>dolor,</span> <span class='ocrx_word' id='word_1_221' title='bbox 494 2919 664 2983; x_wconf 89' lang='lat' dir='ltr'>sevientes</span> <span class='ocrx_word' id='word_1_222' title='bbox 684 2924 805 2983; x_wconf 88' lang='lat' dir='ltr'>contra</span> <span class='ocrx_word' id='word_1_223' title='bbox 825 2919 948 2982; x_wconf 93' lang='lat' dir='ltr'>Deum.</span> <span class='ocrx_word' id='word_1_224' title='bbox 982 2918 1073 2982; x_wconf 95' lang='lat' dir='ltr'>Huic</span> <span class='ocrx_word' id='word_1_225' title='bbox 1092 2919 1226 2983; x_wconf 90' lang='lat' dir='ltr'>malicie</span> <span class='ocrx_word' id='word_1_226' title='bbox 1246 2921 1407 3004; x_wconf 91' lang='lat' dir='ltr'>provida,</span> 
     </span>
     <span class='ocr_line' id='line_1_44' title="bbox 242 3009 1408 3098; baseline 0.003 -23"><span class='ocrx_word' id='word_1_227' title='bbox 242 3018 352 3096; x_wconf 90' lang='lat' dir='ltr'>pater,</span> <span class='ocrx_word' id='word_1_228' title='bbox 373 3031 547 3075; x_wconf 87' lang='lat' dir='ltr'>occurrere</span> <span class='ocrx_word' id='word_1_229' title='bbox 567 3009 681 3075; x_wconf 89' lang='lat' dir='ltr'>velitis</span> <span class='ocrx_word' id='word_1_230' title='bbox 700 3009 847 3087; x_wconf 88' lang='lat' dir='ltr'>cautela,</span> <span class='ocrx_word' id='word_1_231' title='bbox 868 3010 1008 3074; x_wconf 96' lang='lat' dir='ltr'>domino</span> <span class='ocrx_word' id='word_1_232' title='bbox 1028 3011 1098 3095; x_wconf 90' lang='lat' dir='ltr'>regi</span> <span class='ocrx_word' id='word_1_233' title='bbox 1117 3017 1152 3075; x_wconf 92' lang='lat' dir='ltr'>et</span> <span class='ocrx_word' id='word_1_234' title='bbox 1172 3011 1298 3096; x_wconf 87' lang='lat' dir='ltr'>regine,</span> <span class='ocrx_word' id='word_1_235' title='bbox 1318 3033 1408 3098; x_wconf 91' lang='lat' dir='ltr'>quos</span> 
     </span>
     <span class='ocr_line' id='line_1_45' title="bbox 242 3102 1408 3188; baseline 0.002 -20"><span class='ocrx_word' id='word_1_236' title='bbox 242 3104 378 3188; x_wconf 85' lang='lat' dir='ltr'>prefato</span> <span class='ocrx_word' id='word_1_237' title='bbox 403 3104 547 3188; x_wconf 90' lang='lat' dir='ltr'>Rogero‚</span> <span class='ocrx_word' id='word_1_238' title='bbox 571 3103 607 3167; x_wconf 95' lang='lat' dir='ltr'>in</span> <span class='ocrx_word' id='word_1_239' title='bbox 630 3102 795 3167; x_wconf 88' lang='lat' dir='ltr'>solacium</span> <span class='ocrx_word' id='word_1_240' title='bbox 817 3109 899 3166; x_wconf 90' lang='lat' dir='ltr'>note</span> <span class='ocrx_word' id='word_1_241' title='bbox 923 3102 1149 3186; x_wconf 90' lang='lat' dir='ltr'>depressionis</span> <span class='ocrx_word' id='word_1_242' title='bbox 1171 3103 1341 3188; x_wconf 89' lang='lat' dir='ltr'>ejusdem,</span> <span class='ocrx_word' id='word_1_243' title='bbox 1365 3125 1408 3170; x_wconf 92' lang='lat' dir='ltr'>ne</span> 
     </span>
     <span class='ocr_line' id='line_1_46' title="bbox 243 3194 1409 3279; baseline 0.003 -19"><span class='ocrx_word' id='word_1_244' title='bbox 243 3197 278 3260; x_wconf 93' lang='lat' dir='ltr'>in</span> <span class='ocrx_word' id='word_1_245' title='bbox 298 3195 519 3260; x_wconf 88' lang='lat' dir='ltr'>sacerdotalis</span> <span class='ocrx_word' id='word_1_246' title='bbox 539 3195 719 3260; x_wconf 91' lang='lat' dir='ltr'>ministerii</span> <span class='ocrx_word' id='word_1_247' title='bbox 739 3194 973 3279; x_wconf 92' lang='lat' dir='ltr'>obprobrium,</span> <span class='ocrx_word' id='word_1_248' title='bbox 994 3200 1074 3279; x_wconf 92' lang='lat' dir='ltr'>post</span> <span class='ocrx_word' id='word_1_249' title='bbox 1093 3195 1259 3260; x_wconf 90' lang='lat' dir='ltr'>meritorii</span> <span class='ocrx_word' id='word_1_250' title='bbox 1278 3195 1409 3263; x_wconf 90' lang='lat' dir='ltr'>laboris</span> 
     </span>
     <span class='ocr_line' id='line_1_47' title="bbox 243 3286 1409 3372; baseline 0.003 -20"><span class='ocrx_word' id='word_1_251' title='bbox 243 3288 296 3352; x_wconf 94' lang='lat' dir='ltr'>sui</span> <span class='ocrx_word' id='word_1_252' title='bbox 324 3308 473 3364; x_wconf 90' lang='lat' dir='ltr'>cursum,</span> <span class='ocrx_word' id='word_1_253' title='bbox 498 3286 553 3351; x_wconf 93' lang='lat' dir='ltr'>cui</span> <span class='ocrx_word' id='word_1_254' title='bbox 581 3287 673 3372; x_wconf 90' lang='lat' dir='ltr'>regia</span> <span class='ocrx_word' id='word_1_255' title='bbox 700 3286 853 3352; x_wconf 92' lang='lat' dir='ltr'>succedit</span> <span class='ocrx_word' id='word_1_256' title='bbox 880 3293 1064 3371; x_wconf 73' lang='lat' dir='ltr'>magestas</span> <span class='ocrx_word' id='word_1_257' title='bbox 1093 3292 1216 3352; x_wconf 85' lang='lat' dir='ltr'>contra</span> <span class='ocrx_word' id='word_1_258' title='bbox 1243 3286 1409 3356; x_wconf 90' lang='lat' dir='ltr'>debitum</span> 
     </span>
     <span class='ocr_line' id='line_1_48' title="bbox 244 3378 1409 3464; baseline 0.003 -21"><span class='ocrx_word' id='word_1_259' title='bbox 244 3380 385 3464; x_wconf 92' lang='lat' dir='ltr'>pietatis</span> <span class='ocrx_word' id='word_1_260' title='bbox 407 3378 568 3456; x_wconf 90' lang='lat' dir='ltr'>officium,</span> <span class='ocrx_word' id='word_1_261' title='bbox 603 3379 638 3442; x_wconf 93' lang='lat' dir='ltr'>in</span> <span class='ocrx_word' id='word_1_262' title='bbox 660 3378 791 3444; x_wconf 90' lang='lat' dir='ltr'>ultimis</span> <span class='ocrx_word' id='word_1_263' title='bbox 812 3379 885 3464; x_wconf 87' lang='lat' dir='ltr'>jam</span> <span class='ocrx_word' id='word_1_264' title='bbox 907 3378 1028 3443; x_wconf 91' lang='lat' dir='ltr'>diebus</span> <span class='ocrx_word' id='word_1_265' title='bbox 1050 3379 1409 3451; x_wconf 80' lang='lat' dir='ltr'>mendicaremisera·</span> 
     </span>
     <span class='ocr_line' id='line_1_49' title="bbox 244 3470 1408 3556; baseline 0.001 -19"><span class='ocrx_word' id='word_1_266' title='bbox 244 3472 359 3537; x_wconf 93' lang='lat' dir='ltr'>biliter</span> <span class='ocrx_word' id='word_1_267' title='bbox 386 3477 540 3556; x_wconf 83' lang='lat' dir='ltr'>cogatur,</span> <span class='ocrx_word' id='word_1_268' title='bbox 569 3472 685 3536; x_wconf 85' lang='lat' dir='ltr'>favere</span> <span class='ocrx_word' id='word_1_269' title='bbox 713 3471 926 3548; x_wconf 78' lang='lat' dir='ltr'>estimamuS,</span> <span class='ocrx_word' id='word_1_270' title='bbox 955 3471 984 3536; x_wconf 93' lang='lat' dir='ltr'>si</span> <span class='ocrx_word' id='word_1_271' title='bbox 1011 3470 1136 3554; x_wconf 91' lang='lat' dir='ltr'>placet,</span> <span class='ocrx_word' id='word_1_272' title='bbox 1166 3472 1320 3537; x_wconf 90' lang='lat' dir='ltr'>seriatim</span> <span class='ocrx_word' id='word_1_273' title='bbox 1350 3494 1408 3539; x_wconf 89' lang='lat' dir='ltr'>ex·</span> 
     </span>
     <span class='ocr_line' id='line_1_50' title="bbox 244 3563 1408 3668; baseline 0.003 -40"><span class='ocrx_word' id='word_1_274' title='bbox 244 3570 422 3648; x_wconf 91' lang='lat' dir='ltr'>ponentes,</span> <span class='ocrx_word' id='word_1_275' title='bbox 453 3570 492 3628; x_wconf 92' lang='lat' dir='ltr'>ut</span> <span class='ocrx_word' id='word_1_276' title='bbox 522 3569 601 3647; x_wconf 91' lang='lat' dir='ltr'>post</span> <span class='ocrx_word' id='word_1_277' title='bbox 630 3563 830 3648; x_wconf 81' lang='lat' dir='ltr'>hujusmodi</span> <span class='ocrx_word' id='word_1_278' title='bbox 858 3563 930 3627; x_wconf 90' lang='lat' dir='ltr'>vite</span> <span class='ocrx_word' id='word_1_279' title='bbox 959 3563 1205 3628; x_wconf 91' lang='lat' dir='ltr'>resolucionem</span> <span class='ocrx_word' id='word_1_280' title='bbox 1235 3565 1408 3668; x_wconf 90' lang='lat' dir='ltr'>premium</span> 
     </span>
     <span class='ocr_line' id='line_1_51' title="bbox 244 3655 1407 3742; baseline 0.003 -22"><span class='ocrx_word' id='word_1_281' title='bbox 244 3655 403 3721; x_wconf 89' lang='lat' dir='ltr'>etemalit</span> <span class='ocrx_word' id='word_1_282' title='bbox 389 3663 441 3720; x_wconf 92' lang='lat' dir='ltr'>ter</span> <span class='ocrx_word' id='word_1_283' title='bbox 482 3662 657 3740; x_wconf 88' lang='lat' dir='ltr'>reportare</span> <span class='ocrx_word' id='word_1_284' title='bbox 698 3656 844 3720; x_wconf 88' lang='lat' dir='ltr'>valeatis</span> <span class='ocrx_word' id='word_1_285' title='bbox 885 3676 948 3738; x_wconf 95' lang='lat' dir='ltr'>pro</span> <span class='ocrx_word' id='word_1_286' title='bbox 988 3655 1106 3719; x_wconf 91' lang='lat' dir='ltr'>labore</span> <span class='ocrx_word' id='word_1_287' title='bbox 1147 3655 1196 3721; x_wconf 90' lang='lat' dir='ltr'>sic</span> <span class='ocrx_word' id='word_1_288' title='bbox 1237 3655 1407 3742; x_wconf 75' lang='lat' dir='ltr'>impenso</span> 
     </span>
    </p>

    <p class='ocr_par' dir='ltr' id='par_1_11' title="bbox 244 3746 1410 4477">
     <span class='ocr_line' id='line_1_52' title="bbox 288 3746 1407 3833; baseline 0.003 -21"><span class='ocrx_word' id='word_1_289' title='bbox 288 3748 363 3812; x_wconf 86' lang='lat'>688.</span> <span class='ocrx_word' id='word_1_290' title='bbox 410 3749 431 3812; x_wconf 85' lang='lat'>6</span> <span class='ocrx_word' id='word_1_291' title='bbox 473 3768 583 3832; x_wconf 90' lang='lat' dir='ltr'>nonas</span> <span class='ocrx_word' id='word_1_292' title='bbox 625 3746 710 3829; x_wconf 91' lang='lat' dir='ltr'>Julii</span> <span class='ocrx_word' id='word_1_293' title='bbox 753 3747 852 3833; x_wconf 87' lang='lat' dir='ltr'>(July</span> <span class='ocrx_word' id='word_1_294' title='bbox 894 3747 1080 3829; x_wconf 85' lang='lat'>2,1281)</span> <span class='ocrx_word' id='word_1_295' title='bbox 1127 3747 1407 3816; x_wconf 86' lang='lat' dir='ltr'>Hextildesham</span> 
     </span>
     <span class='ocr_line' id='line_1_53' title="bbox 244 3839 1409 3924; baseline 0.001 -18"><span class='ocrx_word' id='word_1_296' title='bbox 244 3840 465 3906; x_wconf 84' lang='lat' dir='ltr'>Serenissimo</span> <span class='ocrx_word' id='word_1_297' title='bbox 485 3840 641 3924; x_wconf 92' lang='lat' dir='ltr'>principi,</span> <span class='ocrx_word' id='word_1_298' title='bbox 663 3840 803 3904; x_wconf 90' lang='lat' dir='ltr'>domino</span> <span class='ocrx_word' id='word_1_299' title='bbox 822 3839 876 3917; x_wconf 92' lang='lat' dir='ltr'>A,</span> <span class='ocrx_word' id='word_1_300' title='bbox 898 3839 963 3903; x_wconf 91' lang='lat' dir='ltr'>Dei</span> <span class='ocrx_word' id='word_1_301' title='bbox 981 3839 1096 3923; x_wconf 89' lang='lat' dir='ltr'>gracia</span> <span class='ocrx_word' id='word_1_302' title='bbox 1116 3840 1186 3924; x_wconf 89' lang='lat' dir='ltr'>regi</span> <span class='ocrx_word' id='word_1_303' title='bbox 1205 3839 1409 3907; x_wconf 86' lang='lat' dir='ltr'>Scottorum</span> 
     </span>
     <span class='ocr_line' id='line_1_54' title="bbox 244 3891 1409 4017; baseline 0.003 -20"><span class='ocrx_word' id='word_1_304' title='bbox 244 3933 366 3997; x_wconf 93' lang='lat' dir='ltr'>illust</span> <span class='ocrx_word' id='word_1_305' title='bbox 324 3939 379 4010; x_wconf 86' lang='lat' dir='ltr'>tri,</span> <span class='ocrx_word' id='word_1_306' title='bbox 412 3933 477 4009; x_wconf 76' lang='lat' dir='ltr'>W,</span> <span class='ocrx_word' id='word_1_307' title='bbox 512 3938 589 4009; x_wconf 73' lang='lat' dir='ltr'>etc,</span> <span class='ocrx_word' id='word_1_308' title='bbox 622 3933 770 3997; x_wconf 89' lang='lat' dir='ltr'>salutern</span> <span class='ocrx_word' id='word_1_309' title='bbox 802 3938 837 3996; x_wconf 90' lang='lat' dir='ltr'>et</span> <span class='ocrx_word' id='word_1_310' title='bbox 869 3891 982 3996; x_wconf 80' lang='lat' dir='ltr'>ielices</span> <span class='ocrx_word' id='word_1_311' title='bbox 1014 3931 1060 3996; x_wconf 89' lang='lat' dir='ltr'>ad</span> <span class='ocrx_word' id='word_1_312' title='bbox 1091 3932 1156 3996; x_wconf 91' lang='lat' dir='ltr'>Dei</span> <span class='ocrx_word' id='word_1_313' title='bbox 1188 3932 1409 4017; x_wconf 85' lang='lat' dir='ltr'>beneplacita</span> 
     </span>
     <span class='ocr_line' id='line_1_55' title="bbox 245 4023 1410 4108; baseline 0.003 -19"><span class='ocrx_word' id='word_1_314' title='bbox 245 4045 379 4108; x_wconf 90' lang='lat' dir='ltr'>semper</span> <span class='ocrx_word' id='word_1_315' title='bbox 414 4045 599 4089; x_wconf 88' lang='lat' dir='ltr'>successus.</span> <span class='ocrx_word' id='word_1_316' title='bbox 647 4023 865 4089; x_wconf 84' lang='lat' dir='ltr'>Celsitudinis</span> <span class='ocrx_word' id='word_1_317' title='bbox 901 4030 1015 4088; x_wconf 87' lang='lat' dir='ltr'>vestre</span> <span class='ocrx_word' id='word_1_318' title='bbox 1051 4024 1268 4102; x_wconf 89' lang='lat' dir='ltr'>instanciam,</span> <span class='ocrx_word' id='word_1_319' title='bbox 1306 4026 1410 4093; x_wconf 91' lang='lat' dir='ltr'>nobis</span> 
     </span>
     <span class='ocr_line' id='line_1_56' title="bbox 245 4115 1409 4274; baseline 0.003 -94"><span class='ocrx_word' id='word_1_320' title='bbox 245 4138 307 4202; x_wconf 93' lang='lat' dir='ltr'>pro</span> <span class='ocrx_word' id='word_1_321' title='bbox 324 4117 480 4181; x_wconf 87' lang='lat' dir='ltr'>Beatrice</span> <span class='ocrx_word' id='word_1_322' title='bbox 495 4116 537 4181; x_wconf 92' lang='lat' dir='ltr'>de</span> <span class='ocrx_word' id='word_1_323' title='bbox 552 4115 746 4274; x_wconf 66' lang='lat' dir='ltr'>Wyttefelde</span> <span class='ocrx_word' id='word_1_324' title='bbox 761 4135 871 4200; x_wconf 89' lang='lat' dir='ltr'>nuper</span> <span class='ocrx_word' id='word_1_325' title='bbox 885 4115 1050 4194; x_wconf 88' lang='lat' dir='ltr'>oblatam,</span> <span class='ocrx_word' id='word_1_326' title='bbox 1067 4115 1249 4181; x_wconf 82' lang='lat' dir='ltr'>favorabili</span> <span class='ocrx_word' id='word_1_327' title='bbox 1264 4118 1409 4184; x_wconf 89' lang='lat' dir='ltr'>exaudi·</span> 
     </span>
     <span class='ocr_line' id='line_1_57' title="bbox 245 4208 1409 4294; baseline 0.002 -20"><span class='ocrx_word' id='word_1_328' title='bbox 245 4209 352 4274; x_wconf 89' lang='lat' dir='ltr'>cionis</span> <span class='ocrx_word' id='word_1_329' title='bbox 372 4228 464 4285; x_wconf 89' lang='lat' dir='ltr'>aure,</span> <span class='ocrx_word' id='word_1_330' title='bbox 485 4209 530 4273; x_wconf 95' lang='lat' dir='ltr'>ob</span> <span class='ocrx_word' id='word_1_331' title='bbox 549 4215 625 4274; x_wconf 91' lang='lat' dir='ltr'>vest</span> <span class='ocrx_word' id='word_1_332' title='bbox 627 4209 656 4272; x_wconf 94' lang='lat' dir='ltr'>ri</span> <span class='ocrx_word' id='word_1_333' title='bbox 675 4208 916 4286; x_wconf 90' lang='lat' dir='ltr'>reverenciam,</span> <span class='ocrx_word' id='word_1_334' title='bbox 937 4208 1174 4286; x_wconf 90' lang='lat' dir='ltr'>admittentes,</span> <span class='ocrx_word' id='word_1_335' title='bbox 1195 4229 1272 4273; x_wconf 88' lang='lat' dir='ltr'>earn</span> <span class='ocrx_word' id='word_1_336' title='bbox 1291 4210 1409 4294; x_wconf 86' lang='lat' dir='ltr'>gracia</span> 
     </span>
     <span class='ocr_line' id='line_1_58' title="bbox 246 4300 1407 4385; baseline 0.003 -20"><span class='ocrx_word' id='word_1_337' title='bbox 246 4322 317 4385; x_wconf 91' lang='lat' dir='ltr'>qua</span> <span class='ocrx_word' id='word_1_338' title='bbox 339 4301 501 4366; x_wconf 92' lang='lat' dir='ltr'>convenit</span> <span class='ocrx_word' id='word_1_339' title='bbox 525 4301 683 4385; x_wconf 89' lang='lat' dir='ltr'>ampliori</span> <span class='ocrx_word' id='word_1_340' title='bbox 706 4306 830 4385; x_wconf 89' lang='lat' dir='ltr'>optato</span> <span class='ocrx_word' id='word_1_341' title='bbox 853 4300 991 4365; x_wconf 84' lang='lat' dir='ltr'>effectui</span> <span class='ocrx_word' id='word_1_342' title='bbox 1014 4301 1211 4384; x_wconf 89' lang='lat' dir='ltr'>mancipare</span> <span class='ocrx_word' id='word_1_343' title='bbox 1234 4301 1407 4385; x_wconf 68' lang='lat' dir='ltr'>cupimus</span> 
     </span>
     <span class='ocr_line' id='line_1_59' title="bbox 244 4392 1408 4477; baseline 0.003 -20"><span class='ocrx_word' id='word_1_344' title='bbox 244 4393 320 4476; x_wconf 86' lang='lat' dir='ltr'>jure</span> <span class='ocrx_word' id='word_1_345' title='bbox 348 4399 465 4458; x_wconf 81' lang='lat' dir='ltr'>tamen</span> <span class='ocrx_word' id='word_1_346' title='bbox 492 4414 562 4457; x_wconf 91' lang='lat' dir='ltr'>non</span> <span class='ocrx_word' id='word_1_347' title='bbox 590 4393 731 4470; x_wconf 83' lang='lat' dir='ltr'>offenso,</span> <span class='ocrx_word' id='word_1_348' title='bbox 759 4392 913 4476; x_wconf 89' lang='lat' dir='ltr'>proinde,</span> <span class='ocrx_word' id='word_1_349' title='bbox 941 4413 1020 4456; x_wconf 92' lang='lat' dir='ltr'>cum</span> <span class='ocrx_word' id='word_1_350' title='bbox 1048 4393 1123 4477; x_wconf 89' lang='lat' dir='ltr'>ipsa</span> <span class='ocrx_word' id='word_1_351' title='bbox 1151 4393 1203 4470; x_wconf 92' lang='grc' dir='ltr'>Β.,</span> <span class='ocrx_word' id='word_1_352' title='bbox 1232 4392 1408 4460; x_wconf 88' lang='lat' dir='ltr'>ordinaria</span> 
     </span>
    </p>
   </div>
   <div class='ocr_carea' id='block_1_10' title="bbox 719 4505 1002 4556">
    <p class='ocr_par' dir='ltr' id='par_1_12' title="bbox 719 4505 1002 4556">
     <span class='ocr_line' id='line_1_60' title="bbox 719 4505 1002 4556; baseline -0.007 0"><span class='ocrx_word' id='word_1_353' title='bbox 719 4505 784 4556; x_wconf 63' lang='grc' dir='ltr'>ι1111.</span> <span class='ocrx_word' id='word_1_354' title='bbox 823 4506 871 4556; x_wconf 94' lang='lat' dir='ltr'>Fo.</span> <span class='ocrx_word' id='word_1_355' title='bbox 885 4507 928 4555; x_wconf 88' lang='grc'>69.</span> <span class='ocrx_word' id='word_1_356' title='bbox 998 4532 1002 4539; x_wconf 81' lang='lat'>,</span> 
     </span>
    </p>
   </div>
   <div class='ocr_carea' id='block_1_11' title="bbox 0 0 1503 4996">
    <p class='ocr_par' dir='ltr' id='par_1_13' title="bbox 0 0 1503 4996">
     <span class='ocr_line' id='line_1_61' title="bbox 0 0 1503 4996; baseline 0 0"><span class='ocrx_word' id='word_1_357' title='bbox 0 0 1503 4996; x_wconf 95' lang='lat' dir='ltr'> </span> 
     </span>
    </p>
   </div>
  </div>
 </body>
</html>
