2994 4996
181 440 241 503 288
289 456 356 502 122
378 457 605 504 2201311201
626 457 1006 505 22222132012211122
1027 457 1229 505 2121122211.

36 658 56 687 0.
95 675 101 687 .
224 618 318 701 719.1
344 616 591 682 Confirmation
609 618 658 702 by
677 618 737 682 the
756 617 848 703 king,
869 618 975 683 dated
994 625 1032 684 at
1050 616 1164 683 Acton
1185 616 1338 696 Bumell,

181 707 258 773 Oct.
273 708 304 786 6,
320 725 358 772 11
374 708 470 774 Edw.
487 709 612 791 (1283),
626 710 663 774 01
675 711 734 774 the
747 710 943 774 ordination
955 710 1058 775 made
1069 710 1118 794 by
1131 709 1340 795 archbishop

180 800 387 878 Wickwane,
408 801 513 866 dated
531 808 569 866 at
587 801 771 867 Newstead
788 802 824 866 in
842 802 1037 880 Sherwood,
1055 822 1101 867 on
1119 820 1140 886 9
1157 801 1226 866 kal.
1247 800 1338 879 Oet,

181 892 243 973 5th
258 912 341 977 year
357 892 464 976 (Sept.
482 910 534 973 23,
553 893 663 976 1283),
680 914 718 958 as
732 900 770 958 to
785 894 845 958 the
860 894 969 972 stock,
986 899 1064 972 212,
1080 899 1119 958 10
1133 893 1178 958 be
1192 893 1279 977 kept
1294 913 1340 958 on

181 983 241 1048 the
262 983 361 1049 lands
382 985 419 1048 01
439 984 499 1048 the
519 1005 584 1049 see.
633 985 789 1067 (Printed
809 985 845 1050 in
866 985 1060 1052 Historiam
1081 983 1186 1068 011122
1208 983 1342 1051 Church

182 1075 216 1157 os
238 1074 329 1140 York
350 1075 460 1158 (Rolls
478 1075 612 1157 Series),
633 1094 699 1154 111.,
720 1081 828 1159 205.)2

226 1197 301 1265 720.
348 1180 368 1246 8
390 1179 457 1245 kal.
481 1180 599 1245 Marcii
621 1181 716 1264 (Feb.
740 1185 807 1263 22),
832 1181 964 1266 1283-4,
987 1201 1078 1247 anno
1099 1195 1130 1264 5.
1176 1180 1341 1248 Wiltone.

183 1270 360 1338 Universis
382 1278 500 1338 sancte
522 1273 644 1339 matris
666 1274 803 1339 ecclesie
825 1275 913 1352 filiis,
937 1274 983 1339 ad
1004 1294 1152 1358 quorum
1174 1274 1343 1340 noticiam

28 1361 50 1410 ³¹¹
77 1361 90 1390 ⁰
105 1350 148 1440 ¹2²*
181 1365 376 1449 pervenerit
390 1366 453 1430 hec
466 1365 647 1450 scriptura,
663 1365 863 1445 Willelmus,
878 1367 1100 1451 permissione
1114 1366 1246 1445 divina,
1262 1373 1342 1445 212,

182 1457 330 1523 32121221
355 1458 391 1522 12
416 1458 554 1523 sinceris
580 1458 761 1524 aflectibus
786 1458 986 1524 Salvatoris
1032 1457 1213 1544 Assumpti
1239 1458 1343 1524 officii

16 1562 39 1642 aa
69 1562 137 1641 ψεῖ
181 1551 328 1635 vigilans
351 1549 533 1615 solicitudo
557 1571 620 1615 nos
643 1551 836 1616 caritativis
859 1551 992 1617 indiciis
1016 1557 1197 1617 exortatur
1220 1557 1273 1629 ut,
1300 1550 1343 1616 de

44 1663 108 1742 93⁵?
182 1642 335 1729 personis
354 1640 516 1727 religiosis
534 1663 602 1727 que
622 1642 738 1707 divine
757 1642 866 1708 cultui
884 1650 1013 1709 vacant
1031 1643 1160 1728 jugiter
1177 1643 1342 1728 precipue

181 1735 401 1812 meditantes,
439 1754 496 1799 eas
531 1735 670 1820 speciali
705 1735 823 1800 iavore
859 1742 894 1801 et
929 1735 1044 1820 gracia
1079 1755 1341 1820 prosequamur.

182 1827 373 1904 Intuentes,
396 1826 525 1910 itaque,
548 1827 710 1912 regularis
731 1827 952 1892 observancie
973 1827 1192 1892 honestatem
1213 1827 1250 1891 in
1270 1847 1343 1913 qua

182 1919 297 1984 dilecti
320 1918 356 1982 in
379 1918 515 1984 Christo
539 1919 610 1997 filii,
635 1919 729 2005 prior
751 1925 787 1984 et
810 1926 1003 1985 conventus
1025 1919 1069 1984 de
1091 1918 1342 2005 Wyrkesoppe,

180 2017 296 2077 nostre
317 2010 483 2096 dyocesiS,
505 2010 579 2076 Deo
600 2012 919 2076 commendabiliter
939 2011 1176 2089 famulantum
1220 2011 1343 2076 adver-

181 2110 305 2181 tentes,
333 2103 452 2181 eciam,
479 2104 574 2187 quod
600 2103 704 2168 iidem
731 2103 876 2189 religiosi
902 2103 1097 2188 hospitibus
1121 2102 1281 2168 liberales
1306 2123 1343 2169 se

181 2195 356 2272 exhibent,
370 2216 410 2260 ac
420 2195 630 2281 pauperibus
641 2216 704 2280 pro
715 2217 776 2261 suo
788 2195 929 2260 modulo
940 2201 1118 2281 gratanter
1128 2195 1343 2261 subveniunt

183 2294 217 2352 et
246 2287 370 2372 egenis,
399 2294 608 2372 propterque
636 2288 745 2352 eciam
773 2287 857 2352 alias
884 2286 1106 2353 necessitates
1133 2286 1343 2372 multiplices

50 2412 55 2422 ·
97 2411 103 2422 ·
182 2379 294 2445 multa
319 2380 367 2444 eis
392 2379 505 2444 subire
531 2386 669 2465 oportet
694 2400 945 2464 nonnunquam
970 2399 1075 2445 onera
1100 2399 1342 2464 expensarum,

182 2471 345 2557 religiosis
368 2471 450 2556 ipsis
473 2472 627 2556 paternis
651 2472 867 2554 vi[s]ceribus
890 2472 926 2536 in
949 2472 1015 2536 hac
1038 2477 1137 2556 parte
1160 2471 1343 2555 providere

181 2564 386 2641 censuimus,
414 2570 454 2628 ut
480 2564 680 2648 hujusmodi
706 2584 810 2628 onera
836 2564 872 2628 in
898 2564 1056 2629 futurum
1081 2563 1224 2628 valeant
1249 2584 1343 2629 com-

181 2655 317 2721 modius
350 2661 565 2740 supportare.
612 2656 722 2740 Super
755 2656 953 2733 medietate,
988 2655 1104 2740 igitur,
1139 2655 1283 2720 ecclesie
1300 2655 1343 2721 de

181 2748 500 2832 Wa[l]keringham,
514 2755 630 2812 nostre
643 2748 808 2833 dyocesis,
823 2748 868 2812 ad
880 2747 1158 2832 supradictorum
1170 2747 1295 2831 prioris
1307 2752 1342 2813 21

180 2846 372 2905 conventus
399 2845 606 2924 patronatus
635 2846 824 2924 spectante,
845 2860 955 2928 quam
971 2839 1195 2904 medietatem
1215 2839 1343 2905 Willel·

180 2953 258 2997 mus
282 2932 324 2996 de
349 2931 558 2996 Hameltone
582 2953 661 2997 cum
685 2938 762 2997 toto
787 2931 952 3016 alteragio
977 2931 1088 2997 tocius
1112 2931 1276 3016 parochie
1301 2930 1343 2996 de

181 3024 441 3108 Walkringham
458 3024 611 3108 possedit
628 3023 751 3088 ultimo
769 3030 939 3108 tanquam
957 3029 1079 3100 rector,
1097 3043 1167 3108 quo
1185 3021 1231 3088 ad
1247 3022 1344 3107 piam

181 3122 216 3180 et
254 3115 465 3180 meritoriam
504 3115 822 3200 appropriacionem
861 3115 978 3199 ipsius,
1016 3135 1150 3179 necnon
1188 3134 1261 3198 quo
1299 3113 1344 3179 ad

181 3207 468 3272 constitucionem
486 3207 715 3291 competentis
732 3207 858 3272 vicarie
876 3207 911 3271 in
930 3206 1050 3271 eadem
1069 3205 1211 3271 ecclesia
1228 3205 1343 3284 totali,

180 3305 368 3384 postquam
397 3319 469 3363 rem
497 3305 533 3364 et
562 3299 739 3364 ecclesiam
767 3299 879 3384 ipsam
908 3299 1085 3364 oculorum
1114 3297 1204 3363 visui
1232 3298 1345 3364 subici

181 3393 335 3470 12211223,
357 3392 406 3458 312
425 3392 498 3457 2210
518 3392 674 3458 caritatis
694 3392 815 3457 intime
837 3392 977 3458 demum
998 3391 1160 3458 duximus
1181 3390 1344 3457 ordinan-

181 3484 265 3550 dum
282 3484 378 3549 :—-In
404 3484 469 3548 Dei
493 3484 632 3549 nomine
657 3483 779 3550 Amen.
826 3484 881 3549 Ad
907 3504 1026 3550 curam
1051 3490 1087 3549 et
1112 3489 1345 3569 spontaneam

181 3576 444 3643 submissionem
462 3577 717 3642 antedictorum
735 3577 857 3662 prioris
875 3583 910 3642 et
928 3582 1121 3641 conventus
1138 3575 1181 3640 de
1199 3574 1345 3661 Wyrke·

181 3689 254 3754 sop,
268 3668 329 3754 qui
343 3669 516 3753 prefatam
529 3669 753 3734 medietatem
766 3690 845 3734 cum
859 3669 928 3734 suis
941 3666 1171 3754 pertinenciis
1187 3673 1223 3732 et
1236 3687 1345 3733 unam

180 3762 348 3826 bovatam
371 3766 460 3825 terre
483 3761 525 3826 de
549 3761 721 3826 dominico
744 3782 817 3840 320,
842 3781 909 3845 que
932 3760 1087 3826 continet
1110 3758 1206 3844 xxvij
1233 3778 1343 3838 22123,

180 3873 247 3936 que
275 3853 393 3937 jacent
422 3853 458 3918 in
487 3853 618 3938 campis
647 3853 726 3918 ville
756 3854 799 3918 de
827 3852 1099 3937 Walkringham,
1129 3857 1171 3917 ut
1198 3851 1343 3919 inferius

180 3945 358 4023 subicitur,
376 3951 493 4010 nostre
508 3945 720 4011 ordinacioni
735 3945 936 4030 simpliciter
951 3944 1196 4021 submiserunt,
1213 3943 1344 4009 eisdem

180 4037 285 4122 priori
304 4044 339 4102 et
358 4037 556 4114 conventui,
577 4044 612 4103 et
632 4038 883 4103 successoribus
901 4037 982 4114 3213,
1002 4036 1196 4121 predictam
1215 4034 1345 4101 medie-

182 4135 293 4194 tatem
310 4129 447 4194 ecclesie
464 4129 507 4194 de
524 4129 784 4214 Walkringham
801 4129 1065 4214 appropriamus
1082 4127 1169 4192 etin
1186 4127 1345 4213 proprios

180 4228 215 4286 et
249 4228 434 4306 perpetuos
468 4222 655 4287 eorundem
690 4242 782 4299 usus,
818 4221 1027 4286 auctoritate
1061 4218 1247 4298 ordinaria,
1282 4239 1346 4306 per

215 4362 320 4412 ¹Foli0s
332 4363 437 4412 73-77
450 4377 496 4411 are
509 4363 604 4414 blank.
779 4364 839 4420 210,
873 4363 890 4412 l.
907 4362 947 4420 19,
968 4361 1011 4411 ior
1035 4361 1180 4411 Eustochio
1214 4362 1246 4411 de
1277 4359 1347 4413 Rau

214 4428 310 4478 ‘From
336 4430 384 4478 the
414 4429 566 4494 Registrum
597 4431 733 4496 Magnum
779 4430 844 4479 read
858 4430 1003 4480 Eustochio
1017 4430 1047 4479 de
1061 4427 1176 4478 Hacche.

180 4496 280 4546 Album
301 4496 353 4546 111.
372 4497 494 4556 88—893
520 4496 558 4548 iv.
576 4498 602 4548 3.
640 4497 684 4548 On
704 4511 732 4562 p.
