2994 4996
245 442 303 504 160
344 459 409 503 THE
432 460 594 505 REGISTER
616 461 658 506 OF
679 460 890 506 ARCHBISHOP
911 460 1058 506 WILLIAM
1079 459 1280 506 WICKWANE.

242 613 455 677 visitandum
475 614 607 679 dictum
627 614 804 679 dominum
825 613 1033 698 episcopum,
1054 613 1256 697 capitulum,
1276 613 1398 679 civita-

243 711 325 781 tem,
356 711 390 770 et
423 705 596 790 dyocesim
625 706 882 784 Dunelmenses‚
904 707 969 771 etsi
1000 727 1073 782 vos,
1105 706 1239 770 racione
1260 705 1398 770 ecclesie

243 803 366 873 vestre,
386 797 420 860 in
439 798 659 880 possessione,
678 799 734 862 vel
751 799 859 882 quasi,
879 798 997 864 essetis
1015 798 1252 882 episcopatum
1270 799 1398 862 Dunel-

243 909 394 952 mensem
417 889 591 966 visitandi,
614 889 709 973 quod
730 911 799 954 non
821 891 942 967 fateor,
965 889 1146 974 procedere
1168 889 1210 967 de
1231 890 1306 973 jure
1327 910 1398 953 non

243 981 398 1064 potestis
426 1001 489 1045 nec
516 981 658 1059 debetis,
686 1003 749 1045 nec
774 1003 837 1046 vos
864 983 909 1046 ad
935 981 1172 1047 visitacionem
1199 981 1399 1065 hujusmodi

243 1072 426 1136 admittere
463 1079 601 1137 tenetur
636 1074 776 1150 invitus,
815 1073 966 1156 capitulo
1002 1079 1128 1150 vestre,
1167 1073 1319 1150 civitate,
1357 1093 1399 1137 ac

244 1163 380 1248 dyocesi
397 1164 551 1228 nondum
568 1166 666 1248 plene
683 1166 777 1248 prius
793 1165 952 1243 visitatis
966 1171 1006 1230 ut
1023 1164 1177 1248 superius
1194 1171 1246 1229 est
1263 1185 1398 1249 expres-

243 1276 319 1319 sum
335 1278 342 1332 3
381 1276 443 1319 nec
461 1256 574 1339 ipsum
594 1257 772 1321 dominum
791 1277 906 1321 meum
926 1258 970 1321 ad
989 1257 1226 1321 visitacionem
1245 1263 1399 1321 vestram

243 1347 497 1411 admittendam
509 1348 659 1412 invitum
671 1349 871 1433 compellere
884 1348 926 1412 de
937 1349 1012 1433 jure
1024 1348 1169 1434 potestis
1181 1369 1240 1412 seu
1253 1348 1396 1413 debetis.

288 1439 388 1516 Item,
410 1461 488 1504 cum
507 1440 647 1504 ecclesia
666 1441 905 1504 Dunelmensis
925 1447 959 1504 et
979 1440 1092 1505 dictus
1111 1439 1271 1504 dominus
1289 1461 1397 1517 meuS,

80 1573 198 1612 Noamhb,
243 1531 482 1596 Dunelmensis
516 1532 705 1615 episcopus
742 1535 805 1614 [et]
838 1531 1090 1616 predecessores
1124 1532 1177 1596 sui
1211 1552 1328 1596 omnes
1363 1539 1398 1596 et

79 1623 220 1713 ξξζῡξξζίξῗό
243 1623 376 1707 singuli,
390 1623 447 1687 illa
459 1624 626 1688 hactenus
639 1624 742 1688 fuerit
754 1631 789 1688 et
802 1624 929 1688 fuerint
941 1624 1049 1708 gavisi
1061 1624 1214 1707 plenaria
1225 1624 1399 1701 libertate,

79 1723 211 1814 genffffi
243 1714 337 1797 quod
362 1715 455 1779 nullo
480 1736 635 1799 unquam
669 1722 823 1799 tempore
861 1716 1086 1780 Eboracensis
1112 1715 1397 1799 archiepiscopus

213 1804 218 1815 '
244 1813 304 1870 aut
332 1807 445 1890 quivis
472 1807 558 1871 alius
585 1828 647 1871 suo
674 1808 822 1885 nomine,
847 1808 881 1871 in
907 1808 1105 1892 episcopum
1132 1807 1399 1872 Dunelmensem

243 1898 453 1963 visitacionis
473 1899 622 1963 officium
641 1899 859 1976 excercuerit,
881 1920 942 1963 nec
961 1899 1030 1963 ullo
1050 1920 1224 1983 uncquam
1243 1906 1398 1982 tempore

243 1990 365 2074 aliquis
384 1991 609 2055 Eboracensis
628 1991 901 2074 archiepiscopus
919 1992 954 2054 in
973 1991 1194 2075 possessione,
1214 1991 1269 2054 vel
1287 1991 1397 2074 quasi,

243 2082 397 2146 extiterit
450 2082 660 2146 visitacionis
713 2083 862 2147 officium
914 2083 949 2146 in
997 2083 1145 2148 eundem
1199 2083 1398 2167 episcopum

243 2174 460 2251 excercendi3
492 2181 544 2238 set
560 2195 581 2238 a
596 2180 750 2258 tempore
766 2175 981 2239 fundacionis
1006 2175 1245 2240 Dunelmensis
1261 2174 1398 2238 ecclesie

243 2286 264 2329 a
293 2265 493 2330 visitacione
522 2265 721 2350 hujusmodi
750 2266 819 2351 sint
849 2273 884 2331 et
914 2267 1040 2332 fuerint
1070 2287 1208 2350 prorsus
1236 2265 1333 2330 liberi
1363 2272 1398 2331 et

243 2357 422 2434 immunes,
445 2364 480 2423 et
502 2358 537 2420 in
558 2355 779 2441 possessione,
802 2359 857 2423 vel
878 2359 986 2442 quasi,
1009 2357 1207 2442 hujusmodi
1228 2357 1399 2422 libertatis

243 2456 278 2513 et
293 2449 523 2513 immunitatis
537 2450 704 2514 hactenus
727 2449 867 2535 pacifice
882 2450 1040 2515 steterint
1056 2456 1090 2515 et
1105 2449 1214 2534 quieti
1229 2473 1236 2527 ;
1265 2469 1399 2513 necnon

243 2547 278 2606 et
301 2541 489 2624 superbiis
511 2541 715 2625 specialibus
737 2542 921 2626 privilegiis
943 2542 1150 2607 sufficienter
1171 2541 1307 2618 muniti,
1331 2561 1399 2624 que

243 2639 385 2716 paratus
406 2653 482 2697 sum
503 2639 657 2717 tempore
678 2633 795 2699 debito
816 2633 974 2699 exhibere
995 2655 1110 2698 coram
1129 2633 1243 2718 judice
1263 2653 1399 2716 compe-

244 2725 333 2790 tenti
348 2746 355 2800 ;
392 2745 413 2788 a
430 2746 500 2808 qua
517 2725 738 2808 possessione,
757 2726 813 2790 vel
830 2726 939 2809 quasi,
959 2725 1001 2788 de
1017 2726 1093 2809 jure
1111 2746 1180 2789 non
1197 2725 1317 2808 possit,
1336 2743 1399 2788 nee

245 2816 380 2893 debeat,
399 2817 470 2880 sine
488 2837 588 2880 cause
605 2817 801 2901 cognicione
818 2817 890 2894 eici,
909 2816 963 2880 vel
980 2816 1088 2880 eciam
1105 2817 1252 2900 spoliari.
1301 2815 1399 2880 Idem

245 2908 404 2972 dominus
424 2929 520 2972 meus
541 2929 613 2986 vos
631 2909 810 2974 dominum
825 2910 1077 2973 Eboracensem
1093 2909 1398 2992 archiepiscopum,

244 2999 290 3063 ad
317 3001 563 3064 excercendum
591 3001 626 3064 in
654 3001 767 3084 ipsum
795 3006 830 3065 et
858 2999 1034 3064 ecclesiam
1062 3021 1160 3064 suam
1188 3000 1400 3065 visitacionis

245 3092 393 3155 officium
422 3092 605 3156 admittere
632 3114 701 3156 non
729 3098 888 3169 tenetur;
942 3112 1005 3156 nec
1032 3113 1094 3156 vos
1121 3093 1234 3175 ipsum
1260 3091 1400 3175 propria

244 3184 463 3261 auctoritate,
494 3184 565 3248 sine
594 3184 747 3268 legitima
776 3184 994 3260 discussione,
1026 3185 1071 3248 ad
1100 3190 1251 3248 vestram
1281 3183 1400 3247 visita-

244 3276 376 3339 cionem
402 3276 655 3341 admittendam
678 3276 823 3358 potestis
848 3275 890 3339 de
913 3276 988 3359 jure
1012 3276 1162 3340 invitum
1186 3274 1399 3359 compellere,

243 3388 307 3431 nec
343 3367 485 3432 debetis,
557 3368 742 3432 Premissas
791 3368 1021 3450 excepcioneS,
1072 3368 1313 3444 recusaciones‚
1364 3373 1399 3432 et
1442 3438 1443 3441 Ἴ

245 3460 397 3523 raciones
422 3480 576 3543 propono
601 3465 635 3524 et
660 3465 832 3542 protestor
856 3479 928 3543 ego,
955 3465 1156 3542 procurator
1181 3459 1225 3523 ad
1249 3479 1398 3542 presens,

245 3552 382 3615 divisim
401 3571 460 3615 seu
480 3551 703 3635 conjunctim,
723 3558 827 3634 prout
846 3551 949 3615 michi
970 3558 1004 3617 et
1024 3551 1163 3615 domino
1182 3571 1259 3614 meo
1278 3550 1400 3615 melius

244 3643 419 3708 videbitur
430 3643 599 3726 expedire,
616 3645 680 3707 sub
696 3644 867 3727 premissis
883 3644 937 3706 vel
954 3643 1027 3707 aliis
1043 3642 1319 3726 competentibus
1339 3663 1401 3726 per

244 3735 515 3818 proposicionem
532 3735 676 3818 alicujus
692 3757 712 3798 a
727 3756 945 3819 quacumque
961 3735 1028 3799 alia
1044 3735 1098 3798 vel
1114 3735 1188 3799 aliis
1203 3735 1400 3799 nullatenus

244 3826 439 3891 excedendo
455 3849 462 3903 ;
495 3832 547 3890 set
564 3827 704 3890 cuilibet
720 3827 948 3911 si[n]gillatim
964 3848 1043 3892 cum
1060 3827 1185 3892 effectu
1201 3826 1399 3904 inherendo,

245 3919 287 3982 de
309 3939 378 4002 quo
400 3925 572 4001 protestor
593 3938 772 4002 expresse3
815 3940 886 3982 non
907 3926 1025 3984 artans
1047 3940 1112 3997 me,
1137 3926 1197 3984 aut
1220 3919 1400 3983 dominum

244 4031 359 4074 meum
382 4009 586 4092 predictum,
611 4010 655 4074 ad
678 4010 832 4074 omnium
854 4017 889 4076 et
912 4011 1122 4094 singulorum
1145 4010 1398 4094 probacionem,

244 4109 296 4167 set
312 4108 483 4185 quatenus
500 4102 541 4165 de
557 4102 649 4186 ipsis,
667 4102 722 4165 vel
737 4122 854 4166 earum
871 4102 1052 4186 aliquibus
1070 4102 1125 4165 vel
1140 4108 1238 4185 parte
1255 4101 1401 4184 alicujus

244 4214 287 4258 ex
305 4193 397 4277 ipsiS,
417 4194 452 4257 in
471 4194 538 4257 ista
556 4194 677 4270 forma,
698 4194 752 4257 vel
771 4194 837 4258 alia
856 4194 1066 4278 competenti
1085 4200 1240 4258 constare
1259 4193 1399 4276 poterit,

245 4292 386 4350 eatenus
407 4286 623 4371 propositum
644 4286 820 4369 optineam
842 4286 1001 4363 addendi,
1024 4286 1194 4363 mutandi,
1216 4292 1293 4362 etc,
1314 4285 1401 4369 juris

244 4378 408 4442 beneficio
441 4378 476 4441 in
510 4378 670 4441 omnibus
702 4377 801 4441 nobis
834 4377 939 4442 salve.
987 4380 1045 4455 Et,
1079 4399 1122 4442 ne
1155 4399 1227 4454 vos,
1262 4377 1401 4441 domine

245 4470 496 4555 archiepiscope
513 4469 749 4547 Eboracensis,
767 4468 827 4576 vel
838 4469 951 4553 quivis
974 4470 1059 4535 alius
1075 4470 1150 4534 vice
1173 4490 1232 4534 seu
1249 4469 1400 4533 auctori-

80 1422 118 1462 Fo.
131 1421 179 1462 add.
