2994 4996
231 445 296 487 THE
320 445 482 489 REGISTER
503 445 544 488 OF
566 443 775 486 ARCHBISHOP
798 443 943 487 WILLIAM
966 444 1165 489 WICKWANE.
1239 447 1277 507 71

123 597 260 661 ecclesia
278 597 320 661 de
338 598 482 682 Marsey,
500 598 544 661 ad
560 596 835 679 supradictorum
862 598 1091 681 religiosorum
1117 604 1278 680 patrona-

125 695 200 751 tum
219 690 422 771 pertinente,
444 711 513 772 quo
533 689 577 752 ad
596 689 806 752 meritoriam
826 690 1141 772 appropriacionem
1161 690 1276 772 ipsius,

123 800 254 844 necnon
270 802 339 863 quo
355 780 399 844 ad
415 781 699 844 constitucionem
715 782 941 864 competentis
956 781 1080 844 vicarie
1096 782 1130 844 in
1146 782 1276 858 eadem,

123 879 308 955 postquam
329 894 399 936 rem
421 881 456 936 et
476 873 651 936 ecclesiam
672 873 781 955 ipsam
802 873 890 936 visui
910 894 988 935 vere
1009 873 1116 936 subici
1137 873 1278 937 fecimus

123 964 309 1040 oculorum,
332 965 379 1028 sic
401 964 554 1028 viscerali
575 972 609 1027 et
631 965 753 1028 intima
774 965 917 1028 caritate
939 965 1099 1028 duximus
1120 964 1278 1028 ordinan-

123 1054 216 1119 dum.
264 1055 346 1131 Nos,
363 1056 512 1131 demum,
529 1057 563 1119 in
579 1056 642 1118 Dei
657 1057 804 1131 nomine,
821 1055 942 1131 Amen,
960 1056 1003 1118 ad
1018 1057 1278 1120 submissionem

122 1147 374 1211 antedictorum
435 1148 676 1232 religiosorum,
737 1147 864 1210 eisdem
928 1148 1088 1231 religiosis
1150 1148 1279 1212 dietam

123 1239 298 1302 ecclesiam
310 1239 351 1302 de
363 1239 497 1323 Marsev
509 1240 779 1323 appropriamuS,
792 1247 827 1303 et
838 1239 872 1302 in
884 1240 1037 1323 proprios
1049 1247 1083 1303 et
1095 1247 1278 1322 perpetuos

122 1351 203 1393 usus
217 1331 423 1395 auctoritate
438 1332 609 1395 ordinaria
639 1352 698 1413 per
712 1331 886 1395 decretum
901 1331 1104 1394 canonicum
1118 1332 1278 1395 canonice

122 1423 356 1505 assignamus;
420 1424 509 1487 inter
540 1423 676 1487 eosdem
710 1423 880 1506 religiosos
921 1430 954 1487 et
996 1423 1162 1486 vicarium
1194 1423 1277 1487 inibi

123 1514 390 1578 institutendum
404 1515 621 1579 dissensionis
631 1521 665 1578 et
678 1514 829 1578 scandali
842 1515 1034 1578 materiam¹
1050 1515 1275 1596 amputando

123 1605 428 1669 Ponderatisenim
454 1607 677 1670 facultatibus
703 1613 736 1670 et
761 1607 985 1688 proventibus
1011 1607 1115 1688 ipsius
1140 1607 1276 1670 ecclesie

122 1697 330 1772 ordinamus
356 1705 389 1761 et
425 1698 632 1762 meditanter
656 1698 869 1761 revolventes
892 1698 1104 1780 disponimus
1128 1698 1161 1760 in
1185 1698 1424 1762 huncnecanons

120 1788 273 1865 modum,
294 1790 387 1872 quod
410 1789 500 1853 idem
514 1791 606 1872 prior
619 1797 654 1853 et
664 1790 828 1866 canonici,
840 1790 976 1853 nomine
987 1790 1276 1873 appropriacionis
1289 1769 1424 1859 illibi?

122 1886 157 1943 et
191 1888 403 1963 personatus,
430 1881 581 1945 habeant
608 1888 747 1945 tantum
772 1902 890 1944 omnes
916 1881 1066 1945 decimas
1091 1882 1275 1964 garbarum
1289 1869 1429 1961 ffissssffi,

121 1972 163 2034 de
182 1973 342 2054 parochia
360 1972 402 2035 de
421 1973 565 2056 Marsey,
585 1972 627 2036 de
645 1974 742 2037 terris
760 1993 851 2036 nunc
869 1973 1015 2036 redactis
1033 1973 1214 2037 actualiter
1231 1973 1275 2037 ad
1289 1971 1371 2019 vation,
1388 1973 1440 2012 Μ’

1290 2022 1371 2060 certain

119 2064 290 2128 culturam
306 2088 313 2141 ;
350 2065 501 2148 exceptis
519 2065 658 2128 decimis
675 2065 858 2148 garbarum
877 2065 918 2127 de
937 2072 1015 2129 octo
1033 2065 1170 2128 bovatis
1189 2072 1276 2128 terre
1289 2073 1433 2162 {lgm}

120 2156 411 2237 provenientibus,
459 2156 501 2219 de
536 2177 593 2219 sex
629 2157 766 2220 bovatis
802 2163 888 2219 terre
924 2156 965 2219 de
1001 2157 1101 2220 ieodo
1138 2157 1275 2220 Ricardi
1289 2173 1365 2221 which.
1377 2173 1420 2212 and

1290 2223 1313 2261 oi
1320 2223 1370 2271 hay,
1381 2223 1424 2262 and

119 2246 295 2331 Stirrappe
330 2255 364 2311 et
398 2248 533 2312 duabus
567 2248 703 2312 bovatis
738 2256 824 2311 terre
858 2269 924 2332 que
959 2249 1097 2313 fuerunt
1133 2249 1275 2312 Roberti
1290 2273 1417 2312 mortuarios

119 2339 293 2402 Bemarde
305 2339 490 2422 aliquando
506 2363 513 2416 ;
531 2361 678 2423 quarum
691 2347 768 2404 octo
782 2341 989 2404 bovatarum
1003 2348 1090 2404 terre
1108 2341 1276 2424 integram
1290 2323 1402 2413 ῗζζοῖᾗξὲ

119 2429 300 2506 decimam,
320 2452 398 2495 cum
418 2452 537 2495 manso
557 2432 705 2508 rectoriS,
726 2439 857 2496 etcum
877 2439 952 2496 tota
971 2439 1145 2516 terraque
1164 2439 1215 2496 est
1234 2432 1276 2496 de

119 2522 202 2586 dote
224 2524 361 2586 ecclesie
383 2524 489 2606 ipsius
528 2524 622 2587 nulla
644 2524 775 2587 decima
798 2524 876 2587 inde
899 2524 1060 2607 religiosis
1082 2524 1163 2606 ipsis
1185 2544 1276 2607 pres-

119 2614 238 2690 tanda,
255 2622 290 2678 et
305 2636 384 2679 cum
399 2616 558 2679 omnibus
573 2615 817 2691 oblacionibus
834 2615 1039 2691 mortuariis,
1057 2622 1185 2679 etcum
1201 2622 1276 2679 toto

118 2706 198 2769 feno
220 2707 329 2771 tocius
351 2708 520 2790 parochie,
544 2714 578 2770 et
599 2708 738 2790 singulis
760 2714 793 2771 et
815 2707 1020 2770 omnimodis
1041 2707 1115 2770 aliis
1136 2707 1276 2770 decimis

116 2798 306 2880 majoribus
323 2805 357 2862 et
375 2799 573 2875 minoribus,
591 2819 808 2882 quocumque
824 2799 962 2862 nomine
979 2805 1191 2875 censeantur,
1209 2819 1276 2881 que
1306 2870 1308 2874 Α

117 2888 163 2952 ad
185 2889 359 2953 ecclesiam
377 2891 486 2973 ipsam
508 2897 676 2974 spectant,
695 2891 747 2953 vel
771 2891 884 2974 aliquo
906 2890 1009 2953 modo
1031 2891 1065 2953 in
1083 2894 1274 2972 posterum2

117 2988 273 3064 spectare
284 2989 448 3064 poterunt
460 2983 513 3045 vel
526 2982 682 3058 recidere,
696 2982 835 3045 habebit
849 2981 995 3045 vicarius
1007 2982 1077 3064 ipse
1089 2989 1274 3065 perpetuus

118 3072 191 3135 sine
210 3072 438 3137 diminucione
466 3074 591 3157 aliqua,
620 3075 756 3136 nomine
784 3080 818 3137 et
846 3073 920 3137 vice
947 3080 1110 3156 perpetue
1138 3074 1271 3138 vicarie.
1288 3123 1430 3164 Notithesto

116 3164 328 3247 Excipimus,
347 3172 473 3241 tamen,
491 3187 559 3249 quo
576 3165 620 3229 ad
636 3172 787 3229 mentem
803 3186 872 3248 qua
888 3165 1045 3229 ducimur
1061 3166 1094 3229 in
1112 3165 1259 3248 presenti
1287 3173 1412 3224 bepaidon

1186 3257 1191 3267 .
1263 3217 1270 3242 '
1288 3224 1324 3262 the
1333 3225 1419 3265 canons¹

116 3255 267 3319 decimas
290 3258 504 3340 propriarum
528 3258 748 3340 piscariarum
780 3278 897 3321 eorum
930 3257 1160 3341 religiosorum
1184 3258 1272 3321 mira
1287 3274 1386 3374 mys,
1400 3336 1424 3365 or

115 3354 215 3429 septa
232 3349 429 3412 monasterii
446 3349 498 3412 sui
515 3355 664 3424 tantum,
683 3349 838 3412 tannarie
856 3350 944 3413 inira
960 3356 1058 3432 septa
1075 3355 1273 3412 monastenr
1287 3375 1384 3434 morsos

114 3439 168 3502 sui
182 3445 331 3515 tantum,
346 3440 618 3504 molendinorum
632 3441 720 3504 inira
733 3447 832 3523 septa
844 3441 1042 3505 monasterii
1055 3440 1107 3504 sui
1120 3447 1270 3517 tantum,
1285 3425 1348 3514 {2¹3¹
1363 3426 1436 3474 ‘mm'

115 3537 150 3593 et
176 3531 388 3595 minutarum
413 3531 621 3596 decimarum
647 3533 734 3595 infra
758 3538 857 3614 septa
881 3539 915 3596 et
940 3538 1050 3596 metas
1074 3532 1271 3596 monasterii

114 3622 168 3685 sui
186 3629 325 3686 tantum
341 3645 347 3698 ;
383 3623 485 3686 salvis
503 3624 610 3686 eciam
629 3624 755 3687 eisdem
775 3624 934 3707 religiosis
952 3623 1091 3687 decimis
1117 3631 1271 3687 ortorum

113 3714 253 3797 grangie
277 3735 336 3778 sue
362 3714 403 3777 de
429 3715 607 3792 Bachowe,
633 3716 859 3798 virgultorum
884 3715 1037 3799 ejusdem
1061 3715 1210 3799 grangie,
1236 3723 1271 3779 et

113 3805 157 3868 de
172 3806 393 3870 nutrimentis
408 3807 607 3871 animalium
622 3807 775 3889 ejusdem
790 3807 927 3890 grangie
942 3829 949 3884 ;
979 3807 1021 3870 de
1036 3807 1160 3890 quibus
1175 3807 1269 3883 ortis,

114 3897 283 3980 virgultis
299 3903 334 3961 et
348 3898 547 3962 animalium
562 3899 781 3963 nutrimentis
795 3899 946 3981 predicte
960 3898 1097 3982 grangie
1111 3898 1268 3974 vicarius,

112 3989 174 4073 qui
193 4010 255 4072 pro
275 3996 428 4072 tempore
447 3990 559 4066 iuerit,
580 3996 700 4054 contra
717 3990 772 4074 jus
791 3991 845 4053 vel
864 3990 1036 4054 indultum
1055 3989 1269 4073 privilegium

111 4081 240 4144 eisdem
283 4081 443 4164 religiosis
474 4082 577 4145 nichil
617 4082 780 4167 percipiet
811 4082 959 4165 penitus,
1001 4081 1055 4144 vel
1095 4082 1267 4164 deposcet.
1281 4131 1419 4172 Commo
1474 4119 1475 4122 κ

110 4173 219 4257 Cujus
231 4173 357 4237 vicarie
369 4174 622 4238 ordinacionem
635 4181 669 4238 et
682 4174 901 4238 collacionem
912 4173 1011 4237 nobis
1024 4179 1058 4238 et
1070 4173 1268 4237 successori·
1282 4183 1423 4232 thevicarase

109 4266 176 4330 bus
195 4265 333 4341 nostris
353 4265 625 4351 Eboraeensibus
644 4266 914 4349 archiepiscopis
934 4272 1100 4349 perpetuo
1119 4284 1268 4328 reserva·
1281 4233 1379 4324 debilia
1394 4236 1425 4321 ‚²⁰

145 4379 332 4444 luPerpetuis
346 4380 516 4442 temporibus
526 4387 664 4445 quatenus
715 4381 770 4429 and
783 4379 892 4429 crossed
904 4383 963 4428 out.

103 4461 254 4513 possumus
265 4447 281 4467 ”
295 4445 415 4495 inserted
428 4448 492 4495 here
503 4460 540 4495 on
551 4447 586 4496 io.
605 4447 662 4502 178,
749 4446 761 4478 ⁹
772 4446 965 4509 imposterum.
