2994 4996
230 494 295 541 212
344 495 410 538 THE
433 495 596 540 REGISTER
617 495 658 540 OF
680 495 891 540 ARCHBISHOP
912 495 1060 540 WILLIAM
1081 495 1282 541 WICKWANE.

236 660 401 746 optinere.
452 659 625 738 VolenteS,
668 660 782 746 igitur,
835 681 984 726 annuere
1030 661 1100 726 suis
1141 661 1309 746 precibus,
1352 665 1393 724 ut

237 759 404 831 tenemur,
435 753 534 818 vobis
564 753 770 818 mandamus
800 753 965 838 quatinus
995 752 1127 818 dictum
1157 753 1327 818 Thomam
1357 758 1393 817 et

236 865 355 910 omnes
386 866 465 910 suos
497 846 679 929 complices
708 852 743 910 et
774 846 937 923 fautores
967 845 1002 910 in
1033 845 1116 910 locis
1147 845 1392 931 solempnibus

236 937 376 1022 singulis
398 936 518 1002 diebus
540 937 729 1002 Dominicis
751 944 786 1002 et
803 938 945 1015 festivis
963 937 1023 1002 ubi
1045 938 1204 1022 expedire
1225 937 1392 1013 videritiS,

236 1034 310 1094 tam
325 1030 384 1093 diu
399 1030 534 1113 publice
549 1035 584 1094 et
598 1030 820 1113 solempniter
834 1030 1032 1095 denunciari
1046 1030 1182 1095 faciatis
1196 1049 1393 1094 excommu-

235 1122 379 1199 nicatos,
399 1122 508 1186 donec
525 1121 619 1186 aliud
637 1143 658 1186 a
676 1122 774 1186 nobis
793 1122 986 1206 receperitis
1003 1122 1039 1187 in
1057 1122 1241 1187 mandatis.

73 1256 183 1348 330⁵&
280 1251 355 1332 508.
401 1250 503 1333 4kal.
519 1250 646 1334 Aprilis
661 1250 793 1333 (March
807 1270 860 1335 29,
877 1252 986 1334 1280).
1028 1252 1192 1317 Burtone.
1232 1251 1298 1329 W.,
1314 1258 1392 1330 etc,

236 1343 431 1428 predilectis
452 1349 487 1407 et
509 1343 762 1409 confidentibus
783 1344 849 1408 sibi
870 1344 905 1408 in
928 1343 1062 1409 Christo
1084 1343 1251 1409 universis
1273 1343 1394 1409 suflra-

73 1459 158 1499 Letters
236 1435 363 1520 ganeis,
408 1435 605 1513 abbatibus
649 1436 829 1520 prioribuS,
874 1436 1133 1514 archidiaconis,
1179 1436 1393 1514 officialibus

72 1507 218 1618 {affigun-
237 1528 385 1606 decanis
426 1528 643 1593 ecclesiarum
683 1528 871 1593 rectoribus
910 1535 944 1593 et
982 1529 1129 1607 vicariis,
1169 1529 1395 1593 Eboracensis

73 1608 218 1709 ξξξξῖοἷξζξζ
237 1620 411 1705 provincie
441 1625 476 1684 et
507 1620 672 1703 dyocesis,
703 1627 739 1685 et
768 1620 901 1686 cunctis
931 1621 1089 1698 subditis,
1121 1627 1195 1686 tam
1225 1621 1395 1704 exemptis

74 1709 170 1812 m·
237 1733 343 1797 quam
368 1733 438 1777 non
463 1713 643 1795 exemptis,
670 1712 818 1777 salutem
843 1713 878 1776 in
903 1712 1054 1777 Auctore
1079 1713 1200 1778 salutis
1225 1733 1304 1778 cum
1330 1713 1395 1777 Dei

237 1811 273 1870 et
302 1810 421 1869 nostra
465 1804 717 1870 benediccione.
763 1804 818 1868 Ad
859 1805 1109 1870 incrementum
1138 1805 1253 1870 meriti
1283 1811 1318 1870 et
1348 1803 1393 1869 ad

238 1897 432 1962 animarum
462 1902 656 1962 vestrarum
695 1897 889 1981 proiectum
917 1897 1133 1962 fructiferum
1158 1903 1193 1962 et
1217 1897 1394 1962 munimen

238 1989 342 2054 corda
361 1993 478 2054 vestra
498 1989 648 2054 excitare
668 2010 730 2072 pro
745 1989 876 2073 viribus
892 1989 1023 2053 fervide
1042 1989 1255 2054 affectamus.
1303 1989 1394 2074 Quo-

238 2081 327 2146 circa
348 2081 492 2146 nuncios
513 2087 549 2145 et
576 2081 717 2166 negocia
744 2080 924 2164 hospitalis
952 2080 1071 2146 Sancti
1099 2080 1222 2164 Jacobi
1244 2080 1287 2145 de
1312 2080 1395 2146 Alto

237 2194 352 2259 passu,
378 2193 445 2257 que
470 2172 729 2256 complectimur
756 2173 791 2236 in
818 2173 948 2238 intimis
975 2173 1086 2238 cordis
1112 2173 1231 2251 nostri,
1257 2172 1395 2238 caritati
1430 2198 1432 2201 ’

238 2272 273 2331 et
291 2265 470 2330 devocioni
486 2271 610 2343 vestre,
627 2265 730 2350 juxta
746 2266 836 2329 vires
852 2265 990 2330 votivas
1006 2265 1201 2330 litterarum
1217 2265 1395 2350 papalium

237 2363 273 2422 et
311 2358 479 2422 mandata
517 2357 692 2422 meritoria
731 2357 883 2422 officialis
921 2357 1030 2422 nostri
1069 2357 1305 2440 Eboracensis
1345 2353 1396 2422 ress

237 2450 519 2515 commendamus
531 2450 566 2513 in
579 2449 760 2515 affectibus
772 2455 807 2514 et
819 2449 1005 2514 visceribus
1019 2449 1260 2534 Redemptoris
1272 2473 1279 2527 3
1297 2449 1396 2514 vobis

237 2542 478 2608 nichilominus
529 2542 564 2606 in
601 2542 732 2606 virtute
770 2542 965 2611 obediencie
1023 2542 1141 2607 stricte
1176 2542 1395 2626 injungentes

238 2635 403 2719 quatinus
445 2634 539 2698 dicta
580 2634 731 2719 negocia,
774 2634 963 2699 secundum
1005 2639 1159 2699 tenorem
1200 2634 1395 2698 litterarum

237 2727 415 2812 papalium
429 2731 464 2790 et
479 2725 631 2791 officialis
645 2726 754 2791 nostri
768 2726 923 2810 predicti,
940 2725 985 2791 ad
998 2726 1231 2791 exauditionis
1245 2726 1395 2811 graciam

238 2825 273 2884 et
286 2819 476 2904 graciosam
490 2818 676 2884 efficaciam
690 2818 896 2896 admittatis,
912 2824 946 2883 et
960 2818 1181 2883 commodum
1193 2818 1395 2883 meritorum

238 2916 385 2995 optentu
403 2910 478 2988 Dei,
496 2916 668 2995 quantum
685 2910 854 2995 poteritis,
866 2911 1065 2995 procuretis.
1083 2910 1278 2994 Speramus,
1291 2910 1394 2988 enim,

237 3003 333 3088 quod
346 3003 382 3067 in
396 3009 496 3088 grata
510 3003 740 3087 complecione
755 3003 859 3087 hujus
873 3003 921 3067 rei
935 3003 1034 3069 vobis
1048 3003 1083 3067 in
1098 3008 1252 3067 extremo
1266 3001 1395 3087 judicio

238 3095 422 3161 retribucio
443 3094 576 3180 placide
597 3095 813 3178 rependetur.

74 3224 210 3315 yffi?
282 3239 356 3309 509.
403 3242 424 3310 7
461 3225 538 3290 idus
575 3224 701 3308 Aprilis
739 3224 849 3309 (April
885 3243 917 3310 7,
957 3225 1067 3307 1280).
1114 3224 1279 3289 Burtone.
1325 3222 1395 3289 Suo

75 3337 158 3416 0³33„
237 3317 383 3382 officiali.
430 3316 577 3382 Causam
600 3317 908 3395 testamentariam,
926 3338 992 3400 que
1008 3317 1156 3382 vertitur
1171 3317 1262 3381 inter
1276 3336 1397 3381 execu-

75 3437 151 3515 Nemi
176 3475 208 3515 ch,
239 3417 330 3475 tores
361 3409 562 3474 testamenti
603 3409 744 3474 Henrici
777 3409 819 3473 de
853 3410 954 3475 Novo
996 3415 1147 3475 mercato
1188 3408 1331 3473 mortuil
1361 3413 1395 3473 et

75 3487 193 3567 cilitiis.
210 3487 220 3515 ⁵
240 3502 453 3567 adversarios
487 3502 673 3566 eorundem
706 3523 822 3566 coram
855 3503 954 3567 vobis
984 3502 1019 3566 in
1050 3501 1250 3566 consistorio
1277 3505 1395 3566 nostro

240 3593 458 3672 Eboracensi,
474 3595 539 3659 sub
555 3593 678 3658 celebri
694 3599 807 3658 tractu
824 3594 943 3679 judicii
959 3592 1128 3671 volumus,
1142 3594 1231 3658 sicut
1244 3591 1394 3677 expedit,

239 3687 274 3751 in
296 3685 429 3772 synodo
451 3686 636 3751 summarie
659 3691 694 3750 et
717 3687 870 3751 celeriter
892 3686 1079 3763 terminari,
1094 3686 1177 3770 quia
1198 3684 1396 3769 hujusmodi

240 3799 341 3844 cause
356 3784 391 3843 et
406 3779 448 3843 de
471 3778 668 3844 mortuariis
683 3785 718 3843 et
744 3778 980 3844 oblacionibus
1004 3778 1192 3843 secundum
1214 3782 1396 3842 consuetu-

239 3871 355 3936 dinem
381 3871 492 3955 patrie
518 3871 659 3948 habent,
687 3871 776 3936 sicut
802 3871 906 3948 scitis,
934 3870 1060 3936 discuti
1086 3876 1120 3935 et
1143 3869 1276 3948 decidi;
1304 3868 1396 3934 unde

238 3963 397 4049 partibus
416 3963 507 4028 diem
527 3963 562 4027 in
581 3963 782 4028 consistorio
802 3964 989 4048 preiigatis

282 4107 357 4174 510.
405 4091 520 4157 6idus
539 4092 620 4157 Maii
639 4092 735 4178 (May
755 4110 806 4169 ro,
827 4092 936 4175 1280).
984 4090 1184 4158 Harewode.
1232 4088 1397 4155 Mandate

238 4185 287 4270 by
309 4186 369 4250 the
392 4185 598 4269 archbishop
621 4191 658 4249 to
681 4185 733 4250 his
756 4185 880 4250 official
902 4190 940 4249 to
962 4184 1100 4269 publish
1123 4183 1158 4248 in
1181 4183 1241 4248 the
1263 4182 1397 4248 diocese

239 4276 309 4342 and
338 4277 501 4362 province
533 4278 569 4342 of
600 4277 696 4341 York
724 4277 784 4341 the
816 4276 1150 4342 excommunication
1180 4276 1216 4340 of
1247 4275 1396 4340 Herbert

238 4370 281 4435 de
305 4369 386 4448 Ros,
410 4369 544 4454 knight.

640 4508 763 4559 1M0nu0
777 4522 814 4560 on
829 4509 900 4560 both
912 4507 1000 4558 iolios.
