2994 4996
247 473 285 534 14
360 471 426 517 THE
448 471 613 518 REGISTER
634 471 676 516 OF
697 470 908 517 ARCHBISHOP
929 472 1077 518 WILLIAM
1098 471 1303 520 wrcwaNE.

244 652 457 729 ministrasti,
476 672 539 716 nos
557 658 672 716 tecum
690 671 792 734 super
809 652 1006 736 hujusmodi
1026 654 1286 739 irregularitatis
1303 655 1404 732 vicio,

243 750 416 828 quatenus
431 744 476 808 ad
491 743 711 808 diocesanum
727 743 865 820 attinet,
877 744 1140 809 misericorditer
1154 746 1404 829 dispensamus

243 842 293 913 ut,
310 856 351 899 ea
365 856 434 900 non
450 836 622 911 obstante,
638 835 742 899 libere
757 835 873 899 valeas
887 835 929 900 de
942 842 1054 901 cetero
1070 838 1104 900 in
1117 837 1218 901 dictis
1228 837 1406 903 ordinibus

243 928 447 1004 ministrare,
470 927 549 991 licet
565 926 656 990 enirn
676 927 873 1010 ignorancia
888 934 923 991 et
939 928 1139 1012 simplicitas
1155 929 1355 1013 supradicta
1370 931 1406 995 in

243 1020 317 1083 foro
335 1019 552 1084 contencioso
571 1018 636 1083 tibi
654 1019 799 1083 forsitan
817 1039 887 1082 non
904 1019 1091 1103 prodesset,
1111 1020 1146 1084 in
1169 1021 1254 1097 foro,
1274 1027 1404 1099 tamen,

242 1111 444 1194 penitencie,
473 1111 533 1175 ubi
560 1110 744 1194 graciosius
772 1110 886 1194 agitur
913 1131 991 1175 curn
1019 1112 1186 1189 contritis
1211 1112 1286 1189 tibi,
1315 1114 1405 1178 sicut

243 1223 419 1285 speramus
445 1204 480 1267 in
507 1202 667 1278 Domino,
691 1201 812 1265 micius
838 1202 1019 1267 conferunt
1043 1203 1088 1267 ad
1103 1203 1283 1268 medelam.
1309 1205 1403 1269 Vale.

79 1369 511 1435 nias,1s⁷.cAP1TULUM
558 1369 840 1436 BEVERLACIl
888 1370 951 1435 DE
997 1369 1127 1434 ANNO
1174 1370 1401 1437 SECUNDO.

286 1487 338 1569 46.
385 1487 504 1568 3idus
525 1487 607 1551 Feb.
632 1487 727 1567 (Feb.
753 1506 803 1564 11,
828 1488 974 1568 1280-1).
1022 1486 1186 1551 Burtone.
1233 1487 1404 1572 Appoint-

243 1585 337 1643 ment
348 1580 384 1643 of
397 1579 525 1643 Master
536 1578 711 1663 Henryde
725 1578 902 1664 Yeftelay2
913 1599 951 1643 as
962 1579 1050 1643 dean
1059 1578 1095 1641 in
1108 1577 1166 1642 the
1179 1578 1406 1666 Christianity

242 1671 279 1735 of
309 1670 485 1754 Beverley.
539 1670 562 1696 ‘⁴
575 1669 759 1754 Speramus
789 1671 883 1755 quod
913 1690 974 1754 per
1007 1676 1164 1734 sanctam
1198 1671 1404 1736 industriam

244 1770 341 1826 tuam
383 1763 561 1826 fructuosa
601 1761 660 1825 fiet
703 1762 747 1826 ad
788 1761 953 1826 honorem
994 1761 1162 1826 Altissimi
1208 1762 1404 1828 lucrifaccio

243 1855 460 1931 animarum;
517 1859 551 1917 et
580 1854 645 1918 hoc
673 1854 840 1917 universis
868 1860 903 1918 et
931 1853 1072 1938 singulis
1100 1854 1248 1918 subditis
1277 1856 1405 1921 nostris

242 1952 277 2011 et
301 1945 427 2009 Christi
451 1945 609 2009 fidelibus
633 1945 876 2009 nunciamus.’'

75 2036 211 2127 {suffla
285 2055 338 2120 47.
385 2037 504 2119 4idus
525 2037 607 2100 Feb.
632 2036 727 2117 (Feb.
753 2055 804 2113 10,
829 2037 975 2117 1280-1).
1023 2037 1187 2102 Burtone.
1234 2037 1299 2115 W,
1323 2045 1402 2116 etc,

74 2138 218 2227 {fflffl'
242 2129 375 2194 dilectis
390 2129 425 2193 in
441 2127 575 2192 Christo
586 2128 662 2191 filiis
680 2128 831 2212 capitulo
848 2128 1095 2205 Beverlacensi,
1113 2149 1173 2193 seu
1190 2132 1404 2213 procuratori

75 2238 157 2278 certain
168 2249 217 2277 men
242 2221 407 2305 ejusdem,
425 2220 497 2297 sal,
515 2226 579 2284 etc.
627 2219 713 2283 Cum
730 2218 918 2284 Ricardum
933 2220 1041 2285 filium
1057 2219 1193 2297 Sabine,
1211 2220 1404 2286 Robertum

74 2288 210 2378 fifilfi‘l
243 2312 453 2397 Ingelberde,
478 2331 664 2395 omnesque
687 2312 868 2396 complices
897 2311 1094 2388 eorundem,
1124 2312 1343 2390 consiliarios,
1369 2320 1404 2378 et

72 2391 200 2478 elim„
243 2405 405 2481 fautores,
440 2404 619 2487 presertim
651 2404 686 2466 in
718 2403 950 2487 appellacione
981 2423 1042 2487 per
1065 2424 1122 2467 eos
1145 2403 1190 2467 ad
1216 2405 1403 2469 tuicionem

73 2499 87 2527 ²
102 2487 214 2588 ἣξξθξηξζ
242 2496 340 2560 Curie
355 2495 609 2560 Cantuariensis
623 2496 827 2579 interposita
841 2501 876 2559 et
891 2501 1073 2579 prosecuta
1086 2501 1208 2559 contra
1221 2495 1400 2561 libertates

74 2589 206 2678 ffig‘he
242 2595 276 2652 et
298 2588 475 2672 privilegia
496 2587 633 2651 ecclesie
649 2593 765 2651 nostre
781 2588 1017 2663 Eboracensis‚
1035 2607 1114 2651 curn
1130 2588 1403 2653 communicant-

57 2683 218 2728 arthemi
239 2681 316 2744 ibus
338 2679 476 2756 eisdem,
500 2699 627 2762 aquam
648 2678 704 2742 vel
725 2679 838 2763 ignem
860 2678 1106 2761 imparciando,
1117 2678 1152 2742 in
1174 2680 1403 2745 mercimoniis

74 2738 141 2779 Μ
239 2772 513 2856 quibuscumque
523 2770 821 2847 contrahend0,0b
831 2770 998 2834 offensam
1007 2771 1159 2854 ipsorum
1169 2771 1401 2848 manifestam,

240 2864 377 2947 justicia
404 2863 815 2927 excommunicaverimus
842 2862 1010 2945 exigente,
1038 2862 1113 2926 loca
1141 2862 1257 2926 omnia
1284 2870 1401 2927 nostre

239 2955 381 3020 diocesis
424 2961 459 3018 et
502 2954 676 3038 provincie
719 2953 764 3017 ad
811 2973 878 3036 que
922 2953 1136 3030 diverterint,
1179 2955 1401 3019 mercimonia

239 3046 458 3122 excercenda
490 3045 657 3129 quamdiu
689 3044 793 3109 iidem
824 3046 1113 3109 exeommunicati
1145 3045 1228 3109 inibi
1260 3046 1400 3124 fuerint,

239 3138 465 3203 ecclesiastico
494 3137 734 3201 nichilominus
762 3143 995 3220 supponentes
1023 3137 1217 3214 interdicto,
1247 3138 1401 3221 exceptis

238 3230 302 3294 illis
328 3230 388 3314 qui
415 3229 459 3293 ad
486 3228 758 3293 satisfaccionem
785 3230 856 3313 jam
873 3234 1052 3305 venerunt,
1070 3229 1169 3292 vobis
1194 3229 1401 3294 mandamus

238 3323 403 3406 quatinus
424 3322 515 3405 ipsos
536 3320 583 3384 sic
605 3321 920 3384 excommunicatos
941 3320 1077 3404 publice
1098 3320 1257 3385 omnibus
1278 3319 1400 3386 diebus

238 3413 426 3478 Dominicis
459 3419 493 3476 et
526 3412 659 3476 festivis
692 3411 904 3476 denuncietis
936 3413 1010 3476 vice
1043 3417 1172 3489 nostra,
1206 3412 1325 3489 donec,
1356 3413 1402 3477 ad

238 3505 405 3590 gremium
444 3511 561 3568 sancte
600 3504 721 3567 matris
760 3504 898 3568 ecclesie
938 3504 1138 3580 redeuntes·
1171 3504 1400 3569 absolucionis

238 3596 441 3662 beneficium
471 3596 624 3680 optinere
655 3596 904 3679 promeruerint
934 3596 969 3659 in
999 3597 1064 3659 hac
1093 3603 1202 3679 parte.

283 3688 543 3752 Memorandum
567 3687 661 3772 quod
684 3688 891 3752 mandatum
916 3687 982 3751 fuit
1007 3687 1137 3752 decano
1162 3687 1399 3753 Beverlacensi

74 3841 209 3882 mmo
239 3782 274 3845 in
298 3780 417 3845 eadem
441 3780 562 3843 forma.

73 3892 208 3933 tuamor
282 3872 335 3956 48.
384 3889 424 3935 10
447 3871 515 3935 kal.
538 3870 675 3955 Aprilis,
701 3871 831 3952 (March
855 3889 908 3952 23,
934 3871 1080 3949 1280·1).
1127 3870 1282 3936 Cawode.
1329 3871 1400 3937 Suo

72 3942 210 4052 moyn
238 3965 368 4031 decano
389 3963 624 4028 Beverlacensi
645 3969 722 4040 etc,
770 3963 858 4046 Quia
877 3963 947 4027 fixo
967 3963 1143 4046 proposito
1163 3962 1400 4029 ordinavimus

72 4046 195 4143 fflto
238 4056 332 4142 quod
362 4075 480 4120 omnes
510 4054 557 4119 illi
595 4054 637 4118 de
668 4055 973 4119 excommunicatis
1004 4055 1307 4120 Beverlacensibus
1339 4057 1400 4139 qui

43 4215 45 4218 .
72 4143 101 4233 ᾖξ’
121 4153 225 4242 „10:532
238 4155 319 4214 sunt
343 4148 377 4211 in
402 4147 507 4211 tercio
528 4147 647 4230 gradu,
663 4146 852 4212 secundum
867 4146 961 4230 quod
976 4147 1060 4211 alias
1076 4147 1141 4211 toti
1156 4147 1400 4212 communitati

72 4243 192 4333 ghgltgnffi
238 4261 297 4325 per
328 4239 545 4306 karissimum
569 4238 728 4303 clericum
751 4245 919 4316 nostrum,
936 4239 1140 4323 magistrum
1163 4238 1333 4303 Thomam
1357 4239 1400 4304 de

72 4342 167 4393 sunder·
237 4333 463 4407 Grimestone,
480 4330 523 4394 de
544 4330 707 4414 gradibus
721 4330 864 4395 fecimus
886 4330 1063 4414 publicari,
1087 4331 1153 4395 hac
1174 4330 1319 4395 instanti
1342 4330 1416 4395 die·

430 4468 659 4517 ¹Beverlacense.
698 4468 820 4518 F0.157.
955 4468 1116 4534 ”Yeftelev
1153 4469 1223 4520 lbid.
