2994 4996
1 649 93 689 ¹·llati0n
105 652 128 691 to

3 711 30 783 1.
40 700 139 790 1111

3 811 24 841 ·e
38 800 111 841 archb.

0 1448 17 1465 ιι·
24 1429 119 1479 propria·

0 1492 36 1520 on
46 1481 70 1519 ol
82 1480 118 1519 the

0 1538 9 1565 t·
16 1530 69 1570 urch
80 1531 103 1570 oi

0 1581 97 1621 ilkstone
106 1584 130 1620 to

0 1640 26 1670 11
36 1633 131 1671 convent

1 1682 11 1720 1
20 1681 97 1721 Ponte·

8 1735 51 1772 act.

151 491 210 554 292
260 489 326 534 THE
348 489 512 534 REGISTER
533 490 575 534 OF
596 490 808 536 ARCHBISHOP
828 490 977 536 WILLIAM
998 489 1205 537 wicwaNE.

151 647 251 713 nobis
268 654 303 712 et
320 647 571 713 successoribus
588 648 725 726 nostris
744 648 1018 714 Eboracensibus
1036 648 1321 735 archiepiscopis,

152 760 376 818 reservamus,
394 745 430 804 et
445 741 686 825 pertinentiam
702 761 762 806 seu
777 741 1003 826 spectandam
1020 740 1065 807 ad
1080 741 1322 827 provisionem

151 839 307 897 nostram
337 839 372 897 et
402 853 635 898 successorum
664 839 861 898 nostrorum
891 834 927 898 in
956 839 1164 918 perpetuum
1196 841 1322 900 tenore

151 925 365 1010 presencium
379 923 588 990 ordinamus.
636 925 842 1004 Predictam‚
857 946 950 1004 vero,
965 924 1225 992 ordinacionem
1238 946 1321 993 nos-

152 1023 243 1081 tram
260 1023 373 1082 ratam
389 1023 556 1101 perpetuo
573 1025 608 1082 et
624 1018 760 1082 firmam
776 1037 848 1083 esse
863 1018 1024 1083 volumus
1039 1040 1047 1095 ;
1079 1017 1178 1083 salva
1193 1024 1322 1084 nostra

152 1115 186 1174 et
206 1109 343 1175 ecclesie
362 1114 479 1174 nostre
498 1110 723 1174 Eboracensis
742 1130 876 1194 semper
894 1110 930 1175 in
949 1109 1109 1175 omnibus
1128 1109 1318 1195 dignitate.

152 1200 194 1265 In
212 1221 359 1285 quorum
376 1200 480 1265 fidem
498 1207 533 1266 et
551 1201 788 1267 testimonium
805 1201 954 1287 sigillum
970 1207 1129 1268 nostrum
1145 1202 1320 1288 presenti-

151 1294 217 1358 bus
235 1299 287 1358 est
305 1313 507 1377 appensum.

197 1413 290 1496 722.1
348 1410 514 1476 Kalendis
537 1410 664 1496 Aprilis
689 1411 799 1496 (April
824 1415 868 1494 1),
892 1411 988 1494 1284,
1015 1431 1106 1477 anno
1129 1426 1161 1495 5.
1209 1411 1317 1499 Torp.

156 1503 330 1569 Universis
350 1509 469 1568 sancte
490 1503 611 1568 matris
631 1503 769 1568 ecclesie
789 1503 877 1582 filiis,
899 1503 965 1569 hoc
985 1524 1124 1588 presens
1144 1503 1319 1590 scriptum

152 1596 276 1661 visuris
303 1594 359 1660 vel
387 1594 566 1672 audituris,
595 1594 796 1673 Willelmus,
824 1595 1046 1680 permissione
1074 1595 1205 1674 divina,
1235 1603 1317 1676 etc,

153 1687 300 1753 salutem
313 1687 348 1751 in
361 1687 584 1753 sanctissimis
598 1687 813 1772 amplexibus
826 1687 1025 1754 Salvatoris.
1074 1688 1170 1754 Inter
1182 1694 1319 1754 ceteras

152 1779 398 1864 occupaciones
427 1800 494 1865 que
524 1785 640 1844 nostre
670 1779 896 1845 solicitudinis
925 1779 1037 1845 officio
1067 1784 1317 1860 annectuntur,

152 1872 246 1936 illam
269 1872 439 1936 cernimus
461 1871 648 1936 studiosius
671 1871 948 1956 amplectendam
969 1892 1040 1957 qua
1062 1871 1181 1936 divino
1204 1872 1319 1939 cultui

152 1963 298 2041 deditos,
329 1964 390 2047 qui
419 1970 493 2028 tam
522 1963 636 2029 seculo
666 1984 773 2047 quam
801 1963 938 2049 proprie
967 1962 1159 2029 voluntatis
1189 1971 1319 2048 sponte

152 2055 392 2120 renunciantes
415 2055 568 2134 arbitri0,
592 2055 657 2120 sub
680 2055 835 2141 religioso
857 2055 981 2121 habitu
1002 2055 1319 2141 contemplativam

151 2147 263 2211 vitam
274 2147 396 2212 ducere
407 2147 591 2232 elegerunt,
606 2147 879 2232 prompcioribus
893 2148 1073 2213 foveamus
1085 2146 1272 2214 affectibus
1282 2155 1319 2215 et

152 2240 349 2305 uberiorum
362 2238 586 2325 largicionum
600 2239 760 2304 subsidiis
773 2239 906 2324 gracius
920 2259 1179 2325 prosequamur.
1227 2239 1320 2306 Con-

153 2337 338 2409 vertentes‚
382 2331 511 2416 itaque,
555 2331 697 2416 provide
739 2331 1025 2397 consideracionis
1066 2331 1236 2398 intuitum
1281 2333 1319 2399 in

0 2439 2 2446 ’
70 2461 75 2472 -
154 2424 296 2489 dilectos
319 2424 355 2488 in
378 2422 513 2489 Christo
535 2423 633 2500 filios,
654 2423 805 2507 ¹priorem
829 2430 864 2488 et
886 2429 1099 2490 conventum
1122 2423 1164 2488 de
1186 2423 1319 2491 Ponte·

153 2517 275 2593 fracto,
302 2515 431 2581 ordinis
457 2514 698 2593 Cluniacensis‚
725 2521 842 2581 nostre
868 2514 1033 2600 dyocesis,
1060 2514 1132 2600 qui,
1159 2514 1319 2602 religiose

152 2608 313 2685 vivendo,
338 2607 412 2671 Deo
435 2606 597 2673 devocius
619 2607 858 2692 obsequentes,
881 2607 1076 2692 hospitibus
1097 2607 1257 2673 liberales
1280 2630 1318 2676 se

152 2700 316 2765 exhibent
349 2721 390 2764 ac
421 2699 631 2784 pauperibus
663 2705 841 2784 gratanter
873 2699 1084 2765 subveniunt
1116 2706 1152 2765 et
1177 2701 1317 2785 egenis;

152 2797 294 2876 propter
325 2811 393 2877 que
426 2798 461 2856 et
494 2791 579 2856 alias
611 2791 833 2857 necessitates
866 2791 1075 2876 multiplices
1107 2791 1226 2859 multa'
1257 2813 1318 2861 eos

151 2904 402 2967 nonnunquam
438 2883 553 2949 subire
590 2889 728 2968 oportet
754 2903 858 2948 onera
881 2903 1121 2968 expensarum,
1159 2883 1318 2969 ipsorum

151 2975 351 3061 indigenciis
387 2975 541 3060 paternis
578 2975 765 3040 visceribus
801 2976 850 3040 sic
886 2975 1079 3061 prospicere
1115 2977 1317 3044 curavimus

151 3068 246 3155 quod
272 3067 471 3152 opulencius
497 3067 721 3152 inposterum,
750 3067 890 3132 favente
916 3065 1105 3147 Altissimo,
1131 3066 1317 3136 1111111111-

151 3161 252 3238 bunt,
283 3160 328 3224 ad
356 3159 415 3244 pia
443 3159 642 3244 hujusmodi
671 3180 775 3224 onera
804 3179 1032 3244 expensarum
1061 3160 1314 3246 subportanda.

154 3252 275 3337 Igitur,
308 3251 367 3316 1112
397 3251 461 3316 Dei
491 3252 640 3329 nomine,
672 3251 793 3317 Amen.
862 3251 949 3316 Cum
989 3244 1117 3337 prelati
1155 3252 1251 3337 prior
1280 3260 1315 3319 et

154 3350 346 3409 conventus
388 3344 430 3408 de
472 3343 706 3422 Ponteiracto,
749 3343 878 3409 ordinis
921 3343 1163 3422 CluniacensiS,
1195 3351 1315 3411 nostre

154 3436 308 3514 diocesis,
348 3435 525 3501 ecclesiam
563 3434 605 3500 de
640 3435 845 3514 Silkestona,
878 3436 931 3501 sui
953 3441 1171 3520 patronatus
1196 3442 1315 3503 nostre

154 3528 320 3613 dyocesis
348 3549 388 3592 ac
414 3527 522 3593 eciam
549 3533 665 3592 totum
690 3527 746 3612 jus
772 3528 866 3612 quod
892 3528 927 3592 in
954 3528 1095 3593 ecclesia
1119 3527 1253 3595 habent
1279 3534 1314 3595 et

154 3619 350 3684 habuerunt
390 3625 583 3683 memorata
622 3639 701 3684 cum
733 3619 892 3684 omnibus
922 3619 1056 3704 juribus
1087 3618 1157 3684 suis
1180 3625 1216 3684 et
1239 3639 1316 3705 per-

155 3711 323 3790 tinenciis,
343 3717 459 3776 nostre
477 3711 689 3775 ordinacioni
707 3711 961 3797 supposuerint,
981 3732 1022 3777 ac
1038 3731 1135 3797 pure,
1154 3711 1316 3798 simplici·

188 3867 275 3915 1Note
304 3864 333 3914 in
357 3866 465 3929 margin
490 3866 519 3913 in
544 3880 561 3914 a
579 3865 709 3915 1111111111
761 3866 891 3930 Rectory,
932 3865 1153 3923 Northallerton,
1201 3866 1253 3915 has
1298 3880 1315 3916 a

156 3938 275 3996 century
293 3933 386 3982 hand:
407 3940 413 3958 ⁴
433 3933 521 3982 Vacat
541 3933 596 3981 ista
617 3933 710 3982 ordin·
761 3933 911 3998 transcript
941 3933 972 3982 oi
1003 3933 1060 3981 this
1093 3932 1313 3998 appropriation,

157 4001 217 4050 acio
235 4000 337 4049 vicarie
355 4000 407 4055 hic,
431 3999 497 4063 quia
516 3999 570 4048 1111
589 4000 623 4048 de
636 4014 711 4048 novo
761 3999 952 4063 commencing
977 4004 1008 4049 at
1033 3999 1089 4048 this
1110 3999 1200 4064 point.
1240 3999 1268 4048 It
1292 3999 1316 4048 is

157 4069 233 4116 iacta
252 4072 294 4115 est
314 4081 363 4130 per
385 4067 427 4115 W.
450 4067 548 4123 Bothe,
567 4068 710 4130 quondam
761 4067 846 4115 dated
857 4071 887 4114 at
906 4065 1016 4131 Thorpe
1033 4066 1072 4131 by
1085 4066 1172 4124 York,
1195 4067 1243 4115 the
1265 4080 1316 4116 eve

156 4133 394 4198 archiepiscopum
405 4132 617 4190 Eboracensem,
626 4138 711 4198 prout
761 4132 791 4182 ol
816 4132 895 4181 Palm
916 4133 1032 4198 Sunday
1057 4132 1146 4198 (April
1174 4132 1209 4196 1),
1238 4132 1315 4190 1284,

156 4202 185 4250 in
205 4201 322 4263 registro
344 4214 394 4248 suo
416 4199 603 4249 continetur.’'
660 4200 711 4249 See
761 4199 849 4248 There
862 4200 886 4249 is
898 4199 1033 4249 endorsed
1045 4213 1083 4249 on
1096 4199 1144 4248 the
1164 4200 1316 4265 transcript

157 4268 260 4318 Archb.
281 4267 403 4316 William
429 4266 547 4316 Booth's
574 4266 709 4330 Register,
762 4280 798 4315 an
825 4267 985 4316 ordination
1009 4267 1049 4331 by
1073 4266 1167 4316 archb.
1193 4266 1317 4316 William

158 4335 194 4384 fo.
218 4335 278 4384 228.
331 4333 533 4382 '‘Reformacio
553 4333 656 4383 vicarie
677 4334 712 4382 de
763 4333 924 4391 Greenfield,
943 4333 1029 4383 dated
1048 4340 1078 4383 at
1097 4332 1315 4392 Lammakal.

158 4401 313 4450 Silkestone
326 4402 360 4450 de
373 4414 447 4450 novo
455 4400 529 4450 lacte
542 4401 712 4450 auctoritate
762 4399 824 4450 Oct.
852 4400 938 4464 (Sept.
965 4400 1008 4458 29,
1045 4400 1131 4464 1307),
1146 4400 1234 4450 about
1268 4399 1317 4451 the

159 4468 292 4517 domini.''
761 4465 888 4530 building
900 4467 956 4517 and
974 4467 1093 4533 keeping
1111 4467 1140 4516 in
1158 4466 1250 4532 repair
1268 4466 1317 4518 the

194 4533 264 4584 ²The
282 4534 351 4584 Rev.
367 4534 403 4584 H.
418 4533 446 4584 C.
461 4533 585 4590 Holmes,
604 4533 711 4597 Birkby
762 4533 816 4582 bell
827 4539 912 4584 tower
924 4534 980 4584 and
994 4535 1063 4584 bells
1075 4539 1105 4584 at
1119 4533 1277 4600 Sylkeston.
1290 4558 1301 4602 y
