3038 5002
37 1618 41 1626 “
94 1617 223 1656 Exeommu-

252 476 309 538 168
359 494 425 538 THE
448 493 610 538 REGISTER
631 489 679 537 OF'
695 492 905 537 ARCHBISHOP
927 491 1074 536 WILLIAM
1096 491 1298 536 WICKWANE.

253 646 597 723 anathematizamus
633 651 668 710 et
703 666 723 709 a
756 644 930 710 liminibus
964 650 1082 709 sancte
1116 645 1236 710 matris
1271 643 1410 710 ecclesie

254 739 431 815 abicimuS,
451 744 555 823 atque
572 757 680 822 usque
698 737 742 801 ad
759 737 1032 801 satisfaccionem
1049 757 1235 820 congruam
1253 737 1298 802 ab
1315 736 1410 801 omni

255 830 407 894 fidelium
430 830 604 894 consorcio
627 835 903 912 sequestramus;
950 836 984 893 et
1007 828 1156 912 insuper,
1180 828 1216 893 in
1238 835 1411 912 quantum

256 922 333 1006 jura
348 928 382 985 et
397 922 573 985 libertates
589 921 726 985 ecclesie
738 927 853 984 nostre
868 920 1103 996 Eboracensis
1115 941 1222 1004 quam
1236 920 1412 986 notorium

258 1021 309 1078 est
332 1013 468 1078 ecclesie
492 1013 714 1077 Dunelmensi
735 1011 987 1096 metropolitico
1008 1012 1083 1095 jure
1110 1032 1254 1095 preesse,
1277 1019 1312 1076 et
1335 1012 1412 1077 ideo

257 1105 302 1169 ad
314 1106 424 1188 ipsam
436 1104 634 1189 hujusmodi
646 1103 883 1168 visitacionem
895 1103 1225 1187 provincialemjure
1237 1104 1412 1169 communi

257 1203 421 1281 spectare,
448 1196 595 1260 brachiis
619 1196 667 1260 sic
692 1196 840 1260 extentis
865 1216 925 1279 per
949 1195 1121 1259 maliciam
1145 1195 1328 1280 infringere
1352 1215 1413 1260 seu

257 1289 457 1372 perturbare
499 1288 724 1364 contendunt,
766 1293 828 1352 aut
869 1288 1035 1351 hactenus
1076 1293 1197 1352 contra
1236 1287 1412 1372 justiciam

257 1381 514 1463 perturbarunt,
545 1379 860 1444 excommunicatos
888 1399 959 1443 esse
988 1378 1123 1463 publice
1153 1379 1410 1444 denunciamus.

257 1473 346 1536 Fiat.
393 1473 482 1536 Fiat.
529 1471 650 1535 Amen.
697 1470 829 1535 Datum
847 1477 882 1535 et
901 1477 1029 1547 actum,
1048 1476 1112 1534 etc.

301 1578 375 1646 455.
423 1563 555 1628 Eodem
569 1563 623 1626 die
637 1569 671 1626 et
686 1584 786 1627 anno.
833 1562 937 1646 Apud
951 1562 1171 1627 Dunelmum.
1219 1563 1260 1626 In
1274 1563 1413 1627 nomine

93 1666 228 1714 nicationby
257 1663 375 1720 sancte
395 1662 429 1719 et
449 1654 625 1719 individue
645 1654 823 1718 Trinitatis
843 1654 963 1718 Amen.
1011 1654 1097 1718 Cum
1117 1675 1189 1732 nos
1210 1654 1411 1732 WillelmuS,

94 1717 131 1756 the
141 1716 214 1756 archb.

94 1767 164 1826 orne
257 1746 534 1823 etc.,secundum
545 1753 680 1811 statuta
690 1752 1038 1830 sanctorumpatrum
1048 1746 1208 1830 patriam,
1220 1745 1411 1823 civitatem,

92 1816 226 1916 iiiiffilie
258 1845 292 1902 et
307 1838 481 1922 propriam
496 1838 669 1922 dyocesim
683 1844 837 1902 nostram
852 1838 1103 1902 Eboracensem
1118 1858 1219 1922 super
1233 1838 1362 1902 clerum
1377 1844 1413 1903 et

93 1918 155 1956 other

93 1967 215 2007 officiam,
257 1930 424 2013 populum
447 1929 601 2013 ejusdem
624 1929 766 1994 diocesis
789 1936 914 2006 nostre,
939 1929 1135 2014 solempniis
1158 1950 1200 1994 ex
1223 1929 1413 1994 tradicione

94 2018 199 2057 ΒΜ
257 2022 341 2105 juris
365 2021 400 2084 in
424 2022 489 2085 hoc
513 2042 594 2085 casu
618 2041 679 2105 per
702 2021 818 2086 omnia
841 2021 987 2086 fideliter
1010 2021 1211 2099 observatis
1237 2042 1346 2106 nuper
1370 2042 1412 2085 ex

258 2114 358 2177 officii
379 2114 488 2177 nostri
509 2113 637 2189 debit0,
660 2120 832 2197 quantum
854 2113 898 2177 ad
919 2134 981 2177 nos
1004 2113 1141 2190 attinet,
1163 2112 1411 2190 visitassemus,

257 2205 396 2269 demum
414 2205 641 2289 perspicacius
659 2205 878 2270 attendentes
895 2205 1079 2290 plusquam
1096 2205 1270 2269 notorium
1287 2225 1359 2269 esse
1377 2211 1412 2268 et

258 2318 278 2361 a
311 2297 507 2381 longissimo
541 2303 632 2361 retro
666 2303 831 2380 tempore,
866 2297 965 2381 cujus
998 2297 1163 2361 memoria
1196 2318 1266 2361 non
1300 2303 1410 2374 extat,

257 2388 478 2453 consimiliter
509 2388 673 2465 extitisse,
705 2388 800 2472 quod
831 2389 971 2453 ecclesia
1001 2388 1156 2472 predicta
1186 2388 1413 2453 Eboracensis

93 2468 227 2557 {fhtfilssmh
257 2501 359 2563 super
384 2481 560 2545 ecclesiam
587 2480 852 2544 Dunelmensem
879 2487 913 2544 et
940 2479 1160 2565 quamplures
1186 2480 1270 2545 alias
1296 2481 1412 2545 cathe-

93 2567 203 2617 1³⁰⁵⁵⁸⁵⁵⁶d
214 2569 236 2607 ⁰¹
257 2572 367 2636 drales
389 2572 551 2654 primacie
573 2579 608 2636 et
630 2572 879 2654 metropolitice
901 2572 1080 2656 dignitatis
1101 2572 1247 2656 insignia
1268 2594 1289 2637 a
1312 2571 1412 2637 Beati

95 2619 131 2657 the
140 2619 237 2667 primacy

93 2679 145 2707 ⁰ver
258 2663 351 2727 Petri
371 2685 521 2748 corpore,
543 2664 750 2728 auctoritate
770 2685 864 2728 sacre
884 2663 980 2728 Sedis
999 2663 1206 2748 Apostolioe,
1228 2670 1413 2729 consecuta

94 2719 198 2758 Durham.

257 2755 370 2819 fuerat
390 2756 434 2819 ab
453 2756 608 2840 antiquo,
628 2776 689 2840 per
706 2756 800 2839 quod
819 2756 996 2820 evidenter
1014 2755 1154 2846 ecclesia
1172 2755 1413 2820 Dunelmensis

257 2846 312 2910 vel
327 2847 457 2924 recidit,
473 2848 528 2911 vel
543 2848 698 2924 intravit,
714 2848 749 2911 in
763 2847 1003 2913 necessitatem
1017 2847 1198 2912 obediendi
1213 2870 1221 2925 ;
1250 2848 1413 2931 quodque

93 2968 236 3017 Thebishops
257 2959 390 3022 semper
415 2940 638 3022 postmodum
665 2945 738 3003 tam
765 2940 863 3003 electi
889 2939 924 3003 in
951 2940 1127 3023 episcopos
1153 2940 1412 3016 DunelmenseS,

94 3020 117 3059 oi
127 3019 225 3059 Durham

94 3069 210 3108 mnf-,med
257 3051 363 3114 quam
392 3031 485 3114 prior
513 3037 548 3095 et
577 3038 778 3107 conventus
810 3031 971 3115 eligentes
1001 3031 1299 3096 confirmacionem
1328 3031 1413 3095 elec-

94 3119 201 3209 lldlfu
258 3122 395 3186 cionum
435 3144 575 3187 suarum
615 3124 744 3206 pariter
783 3129 818 3187 et
858 3123 1139 3187 confirmatorum
1179 3122 1413 3207 quorumlibet

93 3223 172 3259 metr
257 3215 550 3279 consecracionem
597 3216 641 3279 ab
675 3215 937 3298 archiepiscopis
971 3215 1254 3292 EboracensibuS,
1290 3220 1414 3299 utpote

93 3270 183 3319 politan,

257 3326 336 3369 vere
350 3306 623 3390 metropolitanis
636 3307 716 3384 suiS,
731 3307 766 3370 in
780 3307 914 3391 signum
924 3307 1149 3391 subjeccionis
1159 3313 1194 3371 et
1205 3306 1412 3384 obediencie,

258 3418 365 3481 usque
379 3399 413 3461 in
427 3399 518 3462 hunc
531 3399 622 3463 diem
634 3406 750 3482 petere
764 3405 1015 3463 consueverunt
1028 3405 1063 3463 et
1076 3399 1201 3463 habere
1217 3421 1224 3476 ;
1250 3398 1413 3482 quodque

91 3532 158 3562 swear
257 3490 402 3573 quilibet
421 3490 548 3554 electus
568 3498 602 3555 et
622 3491 844 3555 confirmatus
862 3491 898 3554 in
917 3491 1115 3574 episcopum
1134 3489 1412 3576 Dunelmensem,

94 3572 215 3621 ⁰“dl‘floe’
258 3581 347 3645 inter
373 3582 639 3647 consecracionis
665 3603 725 3646 sue
751 3582 951 3666 solempnia,
979 3582 1116 3646 ecclesie
1143 3582 1351 3646 Eboracensi
1377 3587 1413 3646 et

258 3673 363 3756 ipsius
395 3674 581 3758 presidenti
613 3674 816 3738 fidelitatem
847 3674 883 3738 in
914 3674 1050 3758 scriptis
1082 3676 1146 3755 [et]
1178 3673 1413 3738 obedienciam

92 3833 128 3863 m
257 3766 441 3848 profitetur
476 3773 510 3830 et
546 3767 656 3849 juratl
693 3773 908 3831 sacramento
955 3765 1178 3850 postmodum
1223 3765 1412 3849 corporali:

92 3871 218 3923 enthroned‚
258 3858 419 3941 quodque
452 3857 608 3941 quilibet,
642 3858 690 3922 sic
719 3858 941 3922 confirmatus
966 3865 1000 3922 et
1025 3863 1243 3922 consecratus
1266 3857 1302 3921 in
1326 3856 1413 3941 epis-

258 3969 383 4032 copum
401 3951 678 4027 Dunelmensem,
699 3950 906 4015 auctoritate
925 3949 1169 4034 archiepiscopi
1188 3947 1414 4013 Eboracensis

258 4047 292 4104 et
317 4041 359 4105 de
384 4041 550 4105 mandato
575 4042 681 4125 ipsius
705 4042 1008 4106 intronizacionem
1032 4041 1121 4106 sedis
1145 4061 1206 4105 sue
1221 4047 1256 4106 et
1280 4060 1414 4124 posses-

258 4132 388 4197 sionem
405 4133 525 4216 recipit
542 4133 753 4217 corporalem
768 4156 775 4211 ;
809 4133 971 4217 quodque
988 4133 1138 4219 episcopi
1155 4131 1414 4210 Dunelmenses,

91 4223 244 4324 gffgffiw
259 4224 303 4288 ad
345 4225 551 4289 mandatum
594 4226 838 4310 archiepiscopi
881 4225 1116 4302 Eboracensis,
1160 4245 1222 4309 pro
1264 4223 1417 4289 conciliis

90 4326 225 4416 grsuggidlgrbr
257 4316 536 4401 provincialibus
569 4338 648 4381 cum
681 4338 733 4381 res
764 4317 930 4400 postulat,
964 4316 1185 4394 celebrandis,
1219 4316 1264 4380 ad
1295 4314 1418 4380 eadem

197 4406 203 4426 '
257 4409 401 4473 concilia
415 4430 457 4473 ex
473 4409 669 4473 obediencie
685 4409 802 4474 debito
817 4410 962 4473 veniunt
978 4415 1014 4474 et
1028 4409 1200 4474 intersunt
1216 4431 1224 4486 3
1254 4406 1421 4492 quodque

526 4524 710 4591 1Pr0fitentur
722 4530 746 4575 et
756 4526 850 4591 iurant
864 4539 901 4575 on
914 4525 984 4575 both
996 4525 1084 4575 iolios.
