2994 4996
224 473 243 537 8
340 490 406 537 rrrr
428 491 593 538 morsrnn
613 491 655 538 or
678 491 890 539 Ancnnrsnor
911 492 1060 540 wrmmn
1081 492 1284 540 wrcrrwxna.

224 653 259 710 et
274 667 316 710 ex
330 646 545 730 presentibus
561 647 677 712 abesse
691 647 846 731 oportuit
861 647 993 733 aliquos
1007 669 1049 713 ex
1064 647 1165 713 certis
1179 647 1302 725 causis,
1317 668 1386 712 non

224 738 401 822 potuimus
435 738 621 803 deliberare
654 740 689 803 in
724 745 823 804 tanto
857 739 997 825 negocio
1032 741 1076 805 ad
1110 739 1261 824 plenum,
1297 740 1386 804 sicut

225 829 369 894 forsitan
397 830 583 913 expediret.
622 832 904 914 Verumptamen,
926 831 1121 896 discrimina
1139 831 1254 896 litium
1273 836 1388 896 atten-

225 923 355 999 dentes,
371 921 510 986 videtur
523 921 621 985 nobis
635 923 740 1006 quod,
756 923 784 987 si
798 922 833 987 in
848 924 994 987 formam
1009 924 1102 988 illam
1116 943 1223 1007 quam
1237 922 1386 1007 elegistis

224 1013 369 1097 possetis
407 1013 609 1077 descendere
646 1021 680 1078 et
718 1034 797 1078 cum
835 1014 1036 1080 adversariis
1074 1015 1266 1092 convenire,
1305 1014 1386 1078 licet

225 1104 479 1189 aliquantulum
493 1105 706 1170 diminuatur
720 1106 762 1170 de
775 1107 850 1191 jure
864 1114 991 1184 vestro,
1006 1107 1090 1172 satis
1104 1114 1219 1192 posset
1234 1105 1385 1171 tollerari

224 1218 287 1281 pro
311 1198 402 1261 bono
427 1197 532 1280 pacis,
559 1203 593 1261 et
619 1198 732 1262 adhuc
757 1199 902 1281 possetis
926 1199 1082 1284 mitigare
1108 1200 1253 1263 verbum
1287 1197 1383 1274 illud,

225 1290 478 1372 “approbemus
490 1289 545 1353 vel
558 1291 778 1373 reprobemus
789 1290 1138 1374 quodattenderimus
1150 1288 1384 1366 ordinatum‚”

223 1401 285 1465 per
306 1380 537 1464 adjeccionem
558 1381 721 1465 aliquam,
743 1389 846 1466 prout
868 1383 995 1466 poterit
1018 1403 1096 1447 cum
1118 1382 1263 1447 adversa
1284 1388 1384 1466 parte

225 1472 296 1536 sine
318 1472 465 1556 graviori
486 1473 674 1558 prejudicio
697 1474 881 1538 conveniri.
929 1474 1097 1552 Duorum,
1120 1474 1222 1548 enim,
1239 1473 1385 1538 forsitan

225 1564 272 1628 eis
293 1564 468 1629 videbitur
490 1569 540 1641 ut,
563 1565 591 1628 si
607 1566 833 1630 correcciones
849 1566 991 1631 iecerint
1026 1566 1218 1642 canonicas,
1254 1565 1310 1629 vel
1344 1585 1387 1629 ex

224 1657 319 1741 justa
342 1676 446 1721 causa
466 1677 571 1739 penas
594 1657 839 1742 mitigaverint,
865 1665 925 1722 aut
941 1658 1091 1743 graciam
1115 1657 1267 1734 iecerint,
1292 1655 1387 1740 quod

225 1748 380 1812 totaliter
411 1769 454 1812 ex
475 1749 725 1832 approbacione
748 1756 865 1815 vestra
887 1749 1036 1815 debeant
1055 1749 1268 1834 dependere3
1291 1748 1386 1825 dum,

226 1847 354 1917 tamen,
373 1840 472 1904 vobis
494 1840 606 1917 liceat,
631 1847 709 1925 post
733 1848 865 1906 certum
897 1848 1033 1926 tempus
1056 1840 1302 1926 prefigendum,
1325 1860 1388 1924 per

225 1932 374 2015 episcopi
404 1932 659 2016 negligenciam,
692 1933 736 1997 ad
774 1934 1001 1998 correcciones
1039 1933 1230 2010 canonicas
1270 1938 1386 1997 vestro

225 2022 449 2108 imponendas
488 2024 639 2102 arbitrio,
662 2024 831 2089 devenire.
856 2025 967 2109 Quod,
992 2032 1120 2103 autem,
1140 2024 1239 2090 vobis
1258 2023 1387 2108 optulit

224 2115 387 2199 magister
416 2115 605 2181 Willelmus
635 2137 704 2181 non
735 2117 873 2181 videtur
895 2117 994 2183 nobis
1024 2117 1230 2182 conveniens
1260 2116 1325 2182 sub
1347 2136 1387 2180 ea

225 2209 346 2284 forma,
369 2208 519 2271 maxime
534 2209 616 2292 quia
632 2208 770 2272 videtur
781 2209 868 2272 velle
882 2210 1066 2274 veritatem
1081 2208 1256 2285 occultari,
1268 2208 1296 2272 si
1315 2228 1385 2272 non

225 2300 287 2363 fiat
302 2299 480 2383 inquisicio
495 2300 684 2384 singularis
713 2307 747 2364 et
763 2301 856 2384 quod
879 2322 940 2384 per
955 2307 1067 2366 totam
1089 2300 1251 2365 diocesim
1274 2300 1386 2364 torma

225 2391 423 2474 hujusmodi
450 2392 630 2468 habeatur,
658 2392 709 2456 ita
735 2392 829 2476 quod
855 2393 1061 2457 cathedralis
1085 2392 1226 2457 ecclesia
1253 2391 1384 2456 nullam

225 2482 480 2567 prerogativam
515 2484 643 2548 habeat
678 2483 713 2547 in
748 2484 813 2548 hac
845 2492 954 2569 parte.
1002 2484 1169 2561 Intendit,
1200 2483 1303 2560 enim,
1334 2483 1385 2548 ita

226 2575 377 2640 dlvidere
394 2581 433 2639 ut
449 2595 511 2638 vos
526 2575 679 2639 laborem
695 2576 851 2640 habeatis
868 2582 903 2641 et
915 2576 1042 2660 paretis
1058 2577 1210 2641 fructum
1226 2575 1386 2659 episcopo

225 2668 351 2733 laboris
367 2666 483 2731 vestri.
531 2667 689 2731 Preterea
705 2667 867 2732 viderunt
883 2668 1172 2752 incompassibilia
1188 2667 1303 2751 aliqua
1319 2687 1386 2751 que

226 2760 387 2844 proponit
406 2759 441 2823 in
460 2779 499 2823 eo
515 2759 609 2843 quod
622 2759 715 2835 dicit,
737 2759 882 2843 “quivis
898 2760 933 2823 in
949 2760 1123 2845 communi
1138 2759 1193 2823 vel
1208 2758 1385 2843 privatim,

225 2858 302 2927 etc,
327 2852 471 2915 visitans
495 2852 566 2935 ipse
590 2851 735 2935 corrigat
759 2858 794 2915 et
818 2851 1022 2928 reronnet”;
1072 2857 1106 2915 et
1137 2850 1386 2934 subsequenter

225 2943 349 3008 subicit
373 2943 408 3007 In
432 2943 551 3006 eodem
575 2963 666 3017 casu,
696 2950 715 2975 “
730 2943 824 3025 quod
847 2943 971 3007 debeat
992 2943 1150 3026 episcopo
1170 2941 1385 3007 committere

225 3034 457 3118 corrigenda.”
505 3034 605 3110 Item,
620 3033 661 3097 de
677 3034 977 3116 procuracionibus
997 3054 1058 3118 per
1077 3033 1238 3099 diocesim
1254 3033 1385 3097 nullam

225 3126 309 3191 facit
329 3125 552 3203 mencionem,
584 3125 682 3209 quasi
705 3126 809 3190 vellet
834 3126 1126 3210 archiepiscopum
1149 3125 1284 3191 duabus
1308 3146 1386 3209 pro·

226 3217 462 3281 curacionibus
489 3223 628 3281 tantum
652 3218 723 3281 iore
754 3224 957 3282 contentum
992 3224 1027 3283 et
1060 3218 1205 3302 propriis
1237 3216 1385 3282 militare

225 3309 414 3393 stipendiis,
448 3315 487 3372 ut
521 3309 699 3392 episcopus
732 3309 868 3393 colligat
901 3330 968 3393 que
1003 3310 1180 3394 spargetis.
1227 3308 1384 3386 Videtur,

224 3401 372 3484 insuper,
406 3400 577 3483 aliquibus
609 3400 713 3484 quod,
748 3401 776 3464 si
808 3401 866 3465 via
890 3422 932 3465 ex
964 3401 1129 3484 pretactis
1160 3400 1279 3466 haberi
1314 3421 1384 3465 non

224 3493 332 3576 possit
367 3512 518 3576 congrua
552 3512 718 3556 consensu
742 3493 907 3576 parcium,
932 3498 967 3557 et
992 3499 1133 3576 petatur
1154 3514 1175 3557 a
1202 3492 1301 3557 vobis
1326 3492 1385 3557 via

224 3584 459 3668 compromissi
472 3584 527 3648 vel
541 3584 1001 3668 amicabiliscomposicionis
1014 3584 1203 3649 amicorum
1231 3604 1384 3649 commu·

224 3677 320 3741 nium
340 3676 548 3753 interventu,
569 3682 710 3760 propter
728 3676 900 3740 maliciam
920 3676 1084 3760 temporis
1104 3682 1139 3741 et
1170 3679 1260 3760 [pro]
1292 3676 1385 3740 bono

223 3769 318 3852 pacis
338 3768 486 3832 refutare
520 3789 588 3832 non
609 3767 751 3843 debetis,
773 3767 857 3851 quin
877 3769 995 3850 pocius
1023 3768 1208 3833 deliberare
1233 3767 1261 3831 si
1284 3767 1384 3833 vobis

225 3860 349 3924 debeat
364 3860 428 3924 hoc
442 3860 574 3943 placere
590 3881 597 3936 ;
623 3859 761 3943 proviso
775 3879 909 3942 semper
921 3859 1026 3943 quod,
1043 3859 1215 3943 pendente
1229 3865 1385 3924 tractatu

223 3951 433 4036 hujusmodi,
458 3972 527 4015 non
554 3951 740 4015 omittatur
770 3950 899 4035 aliquid
923 3951 1017 4035 quod
1046 3949 1091 4015 ad
1120 3971 1221 4015 cause
1250 3956 1384 4015 statum

223 4043 347 4108 debeat
357 4043 537 4128 pertinere,
550 4050 584 4107 et
594 4043 656 4107 hec
667 4049 850 4106 teneantur
861 4043 1036 4120 secreciuS,
1048 4063 1126 4107 cum
1139 4063 1208 4106 non
1221 4042 1383 4126 expediat

224 4135 427 4200 adversariis
446 4134 629 4218 propalari.
676 4134 808 4210 Valete,
829 4139 893 4198 etc.

434 4226 515 4291 HIC
553 4224 729 4290 INCIPIT
765 4224 922 4291 ANNUS
959 4225 1169 4292 TERCIUS.

147 4348 154 4363 ·
266 4337 318 4404 27.
365 4317 604 4400 4n0n.Dec.
636 4316 791 4397 (Decz,
822 4316 931 4398 1281).
978 4317 1133 4382 Cawode.
1180 4316 1382 4396 Willelmus,

221 4410 452 4495 permissione,
473 4415 550 4486 etc,
564 4408 696 4473 dilectis
715 4409 750 4472 in
766 4408 901 4474 ChrIsto
917 4409 1005 4487 filiis,
1022 4410 1152 4475 decano
1171 4414 1206 4473 et
1225 4409 1379 4494 capitulo

220 4503 337 4580 Ebor.,
377 4501 535 4579 salutem,
575 4507 640 4565 etc.
687 4500 775 4585 Quia
814 4507 1012 4566 executores
1050 4502 1250 4567 testamenti
1289 4501 1380 4566 bone
