<?xml version="1.0" encoding="UTF-8"?>
<!DOCTYPE html PUBLIC "-//W3C//DTD XHTML 1.0 Transitional//EN"
    "http://www.w3.org/TR/xhtml1/DTD/xhtml1-transitional.dtd">
<html xmlns="http://www.w3.org/1999/xhtml" xml:lang="en" lang="en">
 <head>
  <title>
</title>
<meta http-equiv="Content-Type" content="text/html;charset=utf-8" />
  <meta name='ocr-system' content='tesseract 3.04.00' />
  <meta name='ocr-capabilities' content='ocr_page ocr_carea ocr_par ocr_line ocrx_word'/>
</head>
<body>
  <div class='ocr_page' id='page_1' title='image "./registerwilliam00wickgoog_0321.png"; bbox 0 0 2994 4996; ppageno 0'>
   <div class='ocr_carea' id='block_1_1' title="bbox 59 2317 194 2962">
    <p class='ocr_par' dir='ltr' id='par_1_1' title="bbox 59 2317 194 2962">
     <span class='ocr_line' id='line_1_1' title="bbox 59 2317 164 2367; baseline 0.01 -11"><span class='ocrx_word' id='word_1_1' title='bbox 59 2317 164 2367; x_wconf 86' lang='lat' dir='ltr'><strong>Appoint·</strong></span> 
     </span>
     <span class='ocr_line' id='line_1_2' title="bbox 59 2369 152 2408; baseline 0 -1"><span class='ocrx_word' id='word_1_2' title='bbox 59 2372 119 2408; x_wconf 88' lang='lat' dir='ltr'><strong>ment</strong></span> <span class='ocrx_word' id='word_1_3' title='bbox 130 2369 152 2407; x_wconf 87' lang='lat' dir='ltr'><strong>of</strong></span> 
     </span>
     <span class='ocr_line' id='line_1_3' title="bbox 60 2419 185 2458; baseline 0.008 -1"><span class='ocrx_word' id='word_1_4' title='bbox 60 2419 154 2457; x_wconf 86' lang='lat' dir='ltr'><strong>Richard</strong></span> <span class='ocrx_word' id='word_1_5' title='bbox 162 2420 185 2458; x_wconf 85' lang='lat' dir='ltr'><strong>oi</strong></span> 
     </span>
     <span class='ocr_line' id='line_1_4' title="bbox 60 2469 126 2508; baseline 0 0"><span class='ocrx_word' id='word_1_6' title='bbox 60 2469 126 2508; x_wconf 87' lang='lat' dir='ltr'><strong>Bath-</strong></span> 
     </span>
     <span class='ocr_line' id='line_1_5' title="bbox 59 2523 182 2568; baseline 0 -10"><span class='ocrx_word' id='word_1_7' title='bbox 59 2523 148 2568; x_wconf 87' lang='lat' dir='ltr'><strong>ampton</strong></span> <span class='ocrx_word' id='word_1_8' title='bbox 159 2532 182 2558; x_wconf 88' lang='lat' dir='ltr'><strong>as</strong></span> 
     </span>
     <span class='ocr_line' id='line_1_6' title="bbox 59 2570 189 2618; baseline 0.008 -10"><span class='ocrx_word' id='word_1_9' title='bbox 59 2570 116 2618; x_wconf 90' lang='lat' dir='ltr'><strong>prior</strong></span> <span class='ocrx_word' id='word_1_10' title='bbox 126 2570 149 2608; x_wconf 85' lang='lat' dir='ltr'><strong>oi</strong></span> <span class='ocrx_word' id='word_1_11' title='bbox 158 2571 189 2609; x_wconf 87' lang='lat' dir='ltr'><strong>St.</strong></span> 
     </span>
     <span class='ocr_line' id='line_1_7' title="bbox 60 2620 169 2669; baseline 0 -10"><span class='ocrx_word' id='word_1_12' title='bbox 60 2620 169 2669; x_wconf 83' lang='lat' dir='ltr'><strong>0swa1d’s,</strong></span> 
     </span>
     <span class='ocr_line' id='line_1_8' title="bbox 59 2671 189 2720; baseline 0 -10"><span class='ocrx_word' id='word_1_13' title='bbox 59 2671 189 2720; x_wconf 81' lang='lat' dir='ltr'><strong>Gloucester,</strong></span> 
     </span>
     <span class='ocr_line' id='line_1_9' title="bbox 60 2720 102 2759; baseline -0.024 0"><span class='ocrx_word' id='word_1_14' title='bbox 60 2720 102 2759; x_wconf 86' lang='lat' dir='ltr'><strong>and</strong></span> 
     </span>
     <span class='ocr_line' id='line_1_10' title="bbox 60 2771 194 2811; baseline 0.015 -2"><span class='ocrx_word' id='word_1_15' title='bbox 60 2771 162 2811; x_wconf 87' lang='lat' dir='ltr'><strong>mandate</strong></span> <span class='ocrx_word' id='word_1_16' title='bbox 171 2776 194 2811; x_wconf 89' lang='lat' dir='ltr'><strong>to</strong></span> 
     </span>
     <span class='ocr_line' id='line_1_11' title="bbox 60 2821 155 2860; baseline 0 0"><span class='ocrx_word' id='word_1_17' title='bbox 60 2821 97 2860; x_wconf 87' lang='lat' dir='ltr'><strong>the</strong></span> <span class='ocrx_word' id='word_1_18' title='bbox 106 2822 155 2860; x_wconf 89' lang='lat' dir='ltr'><strong>sub·</strong></span> 
     </span>
     <span class='ocr_line' id='line_1_12' title="bbox 59 2871 171 2920; baseline 0 -10"><span class='ocrx_word' id='word_1_19' title='bbox 59 2872 116 2920; x_wconf 86' lang='lat' dir='ltr'><strong>prior</strong></span> <span class='ocrx_word' id='word_1_20' title='bbox 128 2871 171 2910; x_wconf 88' lang='lat' dir='ltr'><strong>and</strong></span> 
     </span>
     <span class='ocr_line' id='line_1_13' title="bbox 59 2926 187 2962; baseline 0.016 -2"><span class='ocrx_word' id='word_1_21' title='bbox 59 2926 152 2961; x_wconf 87' lang='lat' dir='ltr'><strong>convent</strong></span> <span class='ocrx_word' id='word_1_22' title='bbox 165 2927 187 2962; x_wconf 83' lang='lat' dir='ltr'><strong>to</strong></span> 
     </span>
    </p>
   </div>
   <div class='ocr_carea' id='block_1_2' title="bbox 58 2973 119 3022">
    <p class='ocr_par' dir='ltr' id='par_1_2' title="bbox 58 2973 119 3022">
     <span class='ocr_line' id='line_1_14' title="bbox 58 2973 119 3022; baseline 0.016 -11"><span class='ocrx_word' id='word_1_23' title='bbox 58 2973 119 3022; x_wconf 86' lang='lat' dir='ltr'><strong>obey.</strong></span> 
     </span>
    </p>
   </div>
   <div class='ocr_carea' id='block_1_3' title="bbox 224 510 1271 571">
    <p class='ocr_par' dir='ltr' id='par_1_3' title="bbox 224 510 1271 571">
     <span class='ocr_line' id='line_1_15' title="bbox 224 510 1271 571; baseline -0.001 -15"><span class='ocrx_word' id='word_1_24' title='bbox 224 511 283 571; x_wconf 81' lang='lat'><strong>234</strong></span> <span class='ocrx_word' id='word_1_25' title='bbox 331 510 397 555; x_wconf 86' lang='lat' dir='ltr'><strong>THE</strong></span> <span class='ocrx_word' id='word_1_26' title='bbox 420 510 584 556; x_wconf 87' lang='lat' dir='ltr'>REGISTER</span> <span class='ocrx_word' id='word_1_27' title='bbox 605 512 646 556; x_wconf 89' lang='lat' dir='ltr'><strong>OF</strong></span> <span class='ocrx_word' id='word_1_28' title='bbox 669 511 879 557; x_wconf 83' lang='lat' dir='ltr'>ARCHBISHOP</span> <span class='ocrx_word' id='word_1_29' title='bbox 901 512 1048 556; x_wconf 80' lang='lat' dir='ltr'>WILLIAM</span> <span class='ocrx_word' id='word_1_30' title='bbox 1070 511 1271 556; x_wconf 83' lang='lat' dir='ltr'><strong>WICKWANE.</strong></span> 
     </span>
    </p>
   </div>
   <div class='ocr_carea' id='block_1_4' title="bbox 221 663 1385 4592">
    <p class='ocr_par' dir='ltr' id='par_1_4' title="bbox 221 663 1385 2311">
     <span class='ocr_line' id='line_1_16' title="bbox 223 663 1383 749; baseline 0.001 -22"><span class='ocrx_word' id='word_1_31' title='bbox 223 663 418 749; x_wconf 78' lang='lat' dir='ltr'><strong>Augustini,</strong></span> <span class='ocrx_word' id='word_1_32' title='bbox 454 665 630 749; x_wconf 92' lang='lat' dir='ltr'><strong>capellano</strong></span> <span class='ocrx_word' id='word_1_33' title='bbox 665 672 793 730; x_wconf 92' lang='lat' dir='ltr'><strong>nostro.</strong></span> <span class='ocrx_word' id='word_1_34' title='bbox 841 665 988 729; x_wconf 81' lang='lat' dir='ltr'><strong>Celebris</strong></span> <span class='ocrx_word' id='word_1_35' title='bbox 1022 666 1113 730; x_wconf 90' lang='lat' dir='ltr'><strong>fame</strong></span> <span class='ocrx_word' id='word_1_36' title='bbox 1148 665 1304 741; x_wconf 77' lang='lat' dir='ltr'><strong>felicitas,</strong></span> <span class='ocrx_word' id='word_1_37' title='bbox 1342 685 1383 728; x_wconf 91' lang='lat' dir='ltr'><strong>ac</strong></span> 
     </span>
     <span class='ocr_line' id='line_1_17' title="bbox 223 756 1383 841; baseline 0.001 -22"><span class='ocrx_word' id='word_1_38' title='bbox 223 777 358 821; x_wconf 92' lang='lat' dir='ltr'><strong>morum</strong></span> <span class='ocrx_word' id='word_1_39' title='bbox 380 763 414 820; x_wconf 92' lang='lat' dir='ltr'><strong>et</strong></span> <span class='ocrx_word' id='word_1_40' title='bbox 436 756 567 841; x_wconf 90' lang='lat' dir='ltr'><strong>generis</strong></span> <span class='ocrx_word' id='word_1_41' title='bbox 588 757 763 841; x_wconf 90' lang='lat' dir='ltr'><strong>geminata</strong></span> <span class='ocrx_word' id='word_1_42' title='bbox 784 757 930 841; x_wconf 90' lang='lat' dir='ltr'><strong>insignia</strong></span> <span class='ocrx_word' id='word_1_43' title='bbox 950 777 1017 841; x_wconf 90' lang='lat' dir='ltr'><strong>que</strong></span> <span class='ocrx_word' id='word_1_44' title='bbox 1040 757 1084 821; x_wconf 90' lang='lat' dir='ltr'><strong>ad</strong></span> <span class='ocrx_word' id='word_1_45' title='bbox 1106 757 1222 840; x_wconf 90' lang='lat' dir='ltr'><strong>ampla</strong></span> <span class='ocrx_word' id='word_1_46' title='bbox 1242 757 1383 822; x_wconf 92' lang='lat' dir='ltr'><strong>honoris</strong></span> 
     </span>
     <span class='ocr_line' id='line_1_18' title="bbox 222 848 1385 926; baseline 0 -14"><span class='ocrx_word' id='word_1_47' title='bbox 222 849 348 913; x_wconf 88' lang='lat' dir='ltr'><strong>eximia</strong></span> <span class='ocrx_word' id='word_1_48' title='bbox 372 855 407 913; x_wconf 93' lang='lat' dir='ltr'><strong>te</strong></span> <span class='ocrx_word' id='word_1_49' title='bbox 432 848 583 913; x_wconf 89' lang='lat' dir='ltr'><strong>efficiunt</strong></span> <span class='ocrx_word' id='word_1_50' title='bbox 608 849 768 926; x_wconf 92' lang='lat' dir='ltr'><strong>habilem,</strong></span> <span class='ocrx_word' id='word_1_51' title='bbox 794 849 995 914; x_wconf 91' lang='lat' dir='ltr'><strong>benedictus</strong></span> <span class='ocrx_word' id='word_1_52' title='bbox 1019 848 1226 926; x_wconf 85' lang='lat' dir='ltr'><strong>Altissimus,</strong></span> <span class='ocrx_word' id='word_1_53' title='bbox 1243 855 1278 913; x_wconf 98' lang='lat' dir='ltr'><strong>et</strong></span> <span class='ocrx_word' id='word_1_54' title='bbox 1303 869 1385 913; x_wconf 93' lang='lat' dir='ltr'><strong>con-</strong></span> 
     </span>
     <span class='ocr_line' id='line_1_19' title="bbox 223 940 1383 1025; baseline 0.002 -22"><span class='ocrx_word' id='word_1_55' title='bbox 223 940 376 1025; x_wconf 92' lang='lat' dir='ltr'><strong>dignum,</strong></span> <span class='ocrx_word' id='word_1_56' title='bbox 399 961 461 1005; x_wconf 90' lang='lat' dir='ltr'><strong>nos</strong></span> <span class='ocrx_word' id='word_1_57' title='bbox 484 941 549 1004; x_wconf 93' lang='lat' dir='ltr'><strong>tibi</strong></span> <span class='ocrx_word' id='word_1_58' title='bbox 570 940 606 1004; x_wconf 94' lang='lat' dir='ltr'><strong>in</strong></span> <span class='ocrx_word' id='word_1_59' title='bbox 628 941 758 1005; x_wconf 90' lang='lat' dir='ltr'><strong>intimis</strong></span> <span class='ocrx_word' id='word_1_60' title='bbox 780 941 891 1006; x_wconf 90' lang='lat' dir='ltr'><strong>cordis</strong></span> <span class='ocrx_word' id='word_1_61' title='bbox 914 947 949 1006; x_wconf 95' lang='lat' dir='ltr'><strong>et</strong></span> <span class='ocrx_word' id='word_1_62' title='bbox 971 941 1140 1005; x_wconf 92' lang='lat' dir='ltr'><strong>viscerum</strong></span> <span class='ocrx_word' id='word_1_63' title='bbox 1163 941 1383 1005; x_wconf 89' lang='lat' dir='ltr'><strong>constituunt</strong></span> 
     </span>
     <span class='ocr_line' id='line_1_20' title="bbox 222 1033 1383 1116; baseline 0.001 -21"><span class='ocrx_word' id='word_1_64' title='bbox 222 1033 345 1097; x_wconf 90' lang='lat' dir='ltr'><strong>merito</strong></span> <span class='ocrx_word' id='word_1_65' title='bbox 378 1033 557 1116; x_wconf 81' lang='lat' dir='ltr'><strong>graciosos</strong></span> <span class='ocrx_word' id='word_1_66' title='bbox 623 1033 789 1116; x_wconf 77' lang='lat' dir='ltr'><strong>Quocirca</strong></span> <span class='ocrx_word' id='word_1_67' title='bbox 822 1034 863 1097; x_wconf 93' lang='lat' dir='ltr'><strong>de</strong></span> <span class='ocrx_word' id='word_1_68' title='bbox 896 1053 1042 1116; x_wconf 90' lang='lat' dir='ltr'><strong>persona</strong></span> <span class='ocrx_word' id='word_1_69' title='bbox 1074 1038 1137 1097; x_wconf 92' lang='lat' dir='ltr'><strong>tua</strong></span> <span class='ocrx_word' id='word_1_70' title='bbox 1168 1052 1228 1116; x_wconf 93' lang='lat' dir='ltr'><strong>pre</strong></span> <span class='ocrx_word' id='word_1_71' title='bbox 1261 1033 1383 1097; x_wconf 91' lang='lat' dir='ltr'><strong>ceteris</strong></span> 
     </span>
     <span class='ocr_line' id='line_1_21' title="bbox 223 1124 1383 1209; baseline 0 -21"><span class='ocrx_word' id='word_1_72' title='bbox 223 1124 363 1208; x_wconf 92' lang='lat' dir='ltr'><strong>singulis</strong></span> <span class='ocrx_word' id='word_1_73' title='bbox 377 1124 543 1188; x_wconf 87' lang='lat' dir='ltr'><strong>confinius</strong></span> <span class='ocrx_word' id='word_1_74' title='bbox 557 1131 592 1188; x_wconf 98' lang='lat' dir='ltr'><strong>et</strong></span> <span class='ocrx_word' id='word_1_75' title='bbox 606 1124 836 1189; x_wconf 89' lang='lat' dir='ltr'><strong>confidencius</strong></span> <span class='ocrx_word' id='word_1_76' title='bbox 850 1125 948 1189; x_wconf 90' lang='lat' dir='ltr'><strong>nobis</strong></span> <span class='ocrx_word' id='word_1_77' title='bbox 962 1124 1067 1201; x_wconf 91' lang='lat' dir='ltr'><strong>cordi,</strong></span> <span class='ocrx_word' id='word_1_78' title='bbox 1082 1130 1200 1189; x_wconf 92' lang='lat' dir='ltr'><strong>nostro</strong></span> <span class='ocrx_word' id='word_1_79' title='bbox 1213 1125 1383 1209; x_wconf 91' lang='lat' dir='ltr'><strong>prioratui</strong></span> 
     </span>
     <span class='ocr_line' id='line_1_22' title="bbox 223 1215 1383 1301; baseline 0 -21"><span class='ocrx_word' id='word_1_80' title='bbox 223 1215 341 1281; x_wconf 80' lang='lat' dir='ltr'><strong>Sancti</strong></span> <span class='ocrx_word' id='word_1_81' title='bbox 362 1216 512 1281; x_wconf 88' lang='lat' dir='ltr'><strong>Oswaldi</strong></span> <span class='ocrx_word' id='word_1_82' title='bbox 533 1216 753 1293; x_wconf 89' lang='lat' dir='ltr'><strong>Gloucestrie,</strong></span> <span class='ocrx_word' id='word_1_83' title='bbox 775 1217 847 1300; x_wconf 88' lang='lat' dir='ltr'><strong>jam</strong></span> <span class='ocrx_word' id='word_1_84' title='bbox 868 1216 1008 1281; x_wconf 91' lang='lat' dir='ltr'><strong>vacanti</strong></span> <span class='ocrx_word' id='word_1_85' title='bbox 1029 1223 1063 1280; x_wconf 90' lang='lat' dir='ltr'><strong>et</strong></span> <span class='ocrx_word' id='word_1_86' title='bbox 1085 1216 1130 1280; x_wconf 93' lang='lat' dir='ltr'><strong>ad</strong></span> <span class='ocrx_word' id='word_1_87' title='bbox 1150 1217 1383 1301; x_wconf 85' lang='lat' dir='ltr'><strong>provisionem</strong></span> 
     </span>
     <span class='ocr_line' id='line_1_23' title="bbox 222 1308 1383 1393; baseline 0.001 -22"><span class='ocrx_word' id='word_1_88' title='bbox 222 1327 282 1371; x_wconf 91' lang='lat' dir='ltr'><strong>seu</strong></span> <span class='ocrx_word' id='word_1_89' title='bbox 309 1308 530 1372; x_wconf 91' lang='lat' dir='ltr'><strong>collacionem</strong></span> <span class='ocrx_word' id='word_1_90' title='bbox 570 1315 725 1373; x_wconf 89' lang='lat' dir='ltr'><strong>nostram</strong></span> <span class='ocrx_word' id='word_1_91' title='bbox 753 1309 960 1372; x_wconf 86' lang='lat' dir='ltr'><strong>ordinariam</strong></span> <span class='ocrx_word' id='word_1_92' title='bbox 987 1308 1091 1372; x_wconf 92' lang='lat' dir='ltr'><strong>libere</strong></span> <span class='ocrx_word' id='word_1_93' title='bbox 1119 1314 1153 1372; x_wconf 92' lang='lat' dir='ltr'><strong>et</strong></span> <span class='ocrx_word' id='word_1_94' title='bbox 1181 1309 1280 1393; x_wconf 91' lang='lat' dir='ltr'><strong>plene</strong></span> <span class='ocrx_word' id='word_1_95' title='bbox 1307 1329 1383 1393; x_wconf 92' lang='lat' dir='ltr'><strong>per-</strong></span> 
     </span>
     <span class='ocr_line' id='line_1_24' title="bbox 222 1400 1383 1485; baseline 0.001 -22"><span class='ocrx_word' id='word_1_96' title='bbox 222 1400 358 1476; x_wconf 92' lang='lat' dir='ltr'><strong>tinenti,</strong></span> <span class='ocrx_word' id='word_1_97' title='bbox 378 1405 413 1464; x_wconf 92' lang='lat' dir='ltr'><strong>et</strong></span> <span class='ocrx_word' id='word_1_98' title='bbox 431 1400 496 1464; x_wconf 92' lang='lat' dir='ltr'><strong>tibi</strong></span> <span class='ocrx_word' id='word_1_99' title='bbox 514 1400 622 1464; x_wconf 91' lang='lat' dir='ltr'><strong>eciam</strong></span> <span class='ocrx_word' id='word_1_100' title='bbox 640 1401 682 1464; x_wconf 92' lang='lat' dir='ltr'><strong>de</strong></span> <span class='ocrx_word' id='word_1_101' title='bbox 700 1400 855 1485; x_wconf 82' lang='lat' dir='ltr'><strong>prioratu</strong></span> <span class='ocrx_word' id='word_1_102' title='bbox 873 1400 1072 1485; x_wconf 92' lang='lat' dir='ltr'><strong>supradicto</strong></span> <span class='ocrx_word' id='word_1_103' title='bbox 1090 1400 1221 1465; x_wconf 92' lang='lat' dir='ltr'><strong>intuitu</strong></span> <span class='ocrx_word' id='word_1_104' title='bbox 1239 1400 1304 1464; x_wconf 93' lang='lat' dir='ltr'><strong>Dei</strong></span> <span class='ocrx_word' id='word_1_105' title='bbox 1322 1421 1383 1485; x_wconf 91' lang='lat' dir='ltr'><strong>per</strong></span> 
     </span>
     <span class='ocr_line' id='line_1_25' title="bbox 222 1491 1382 1576; baseline 0.001 -21"><span class='ocrx_word' id='word_1_106' title='bbox 222 1491 443 1556; x_wconf 90' lang='lat' dir='ltr'><strong>collacionem</strong></span> <span class='ocrx_word' id='word_1_107' title='bbox 471 1492 614 1556; x_wconf 88' lang='lat' dir='ltr'><strong>liberam</strong></span> <span class='ocrx_word' id='word_1_108' title='bbox 644 1499 762 1556; x_wconf 92' lang='lat' dir='ltr'><strong>tenore</strong></span> <span class='ocrx_word' id='word_1_109' title='bbox 791 1501 826 1556; x_wconf 91' lang='lat' dir='ltr'><strong>et</strong></span> <span class='ocrx_word' id='word_1_110' title='bbox 855 1493 1032 1556; x_wconf 89' lang='lat' dir='ltr'><strong>investura</strong></span> <span class='ocrx_word' id='word_1_111' title='bbox 1061 1492 1275 1575; x_wconf 91' lang='lat' dir='ltr'><strong>presencium</strong></span> <span class='ocrx_word' id='word_1_112' title='bbox 1305 1513 1382 1576; x_wconf 94' lang='lat' dir='ltr'><strong>pro-</strong></span> 
     </span>
     <span class='ocr_line' id='line_1_26' title="bbox 222 1583 1381 1668; baseline 0.001 -21"><span class='ocrx_word' id='word_1_113' title='bbox 222 1583 390 1660; x_wconf 85' lang='lat' dir='ltr'><strong>videmus,</strong></span> <span class='ocrx_word' id='word_1_114' title='bbox 410 1589 513 1667; x_wconf 92' lang='lat' dir='ltr'><strong>teque</strong></span> <span class='ocrx_word' id='word_1_115' title='bbox 532 1584 567 1646; x_wconf 91' lang='lat' dir='ltr'><strong>in</strong></span> <span class='ocrx_word' id='word_1_116' title='bbox 586 1584 706 1647; x_wconf 93' lang='lat' dir='ltr'><strong>eodem</strong></span> <span class='ocrx_word' id='word_1_117' title='bbox 724 1584 879 1667; x_wconf 82' lang='lat' dir='ltr'><strong>prioratu</strong></span> <span class='ocrx_word' id='word_1_118' title='bbox 898 1605 977 1648; x_wconf 91' lang='lat' dir='ltr'><strong>cum</strong></span> <span class='ocrx_word' id='word_1_119' title='bbox 995 1584 1136 1668; x_wconf 89' lang='lat' dir='ltr'><strong>singulis</strong></span> <span class='ocrx_word' id='word_1_120' title='bbox 1155 1590 1190 1648; x_wconf 92' lang='lat' dir='ltr'><strong>et</strong></span> <span class='ocrx_word' id='word_1_121' title='bbox 1208 1584 1381 1649; x_wconf 90' lang='lat' dir='ltr'><strong>consuetis</strong></span> 
     </span>
     <span class='ocr_line' id='line_1_27' title="bbox 222 1675 1381 1760; baseline 0.001 -21"><span class='ocrx_word' id='word_1_122' title='bbox 222 1675 291 1739; x_wconf 89' lang='lat' dir='ltr'><strong>suis</strong></span> <span class='ocrx_word' id='word_1_123' title='bbox 308 1675 518 1759; x_wconf 90' lang='lat' dir='ltr'><strong>appendiciis</strong></span> <span class='ocrx_word' id='word_1_124' title='bbox 534 1676 729 1760; x_wconf 90' lang='lat' dir='ltr'><strong>preficimus</strong></span> <span class='ocrx_word' id='word_1_125' title='bbox 745 1676 780 1739; x_wconf 93' lang='lat' dir='ltr'><strong>in</strong></span> <span class='ocrx_word' id='word_1_126' title='bbox 796 1676 944 1760; x_wconf 89' lang='lat' dir='ltr'><strong>priorem</strong></span> <span class='ocrx_word' id='word_1_127' title='bbox 960 1699 967 1753; x_wconf 91' lang='lat'>;</span> <span class='ocrx_word' id='word_1_128' title='bbox 1001 1681 1177 1760; x_wconf 85' lang='lat' dir='ltr'><strong>sperantes</strong></span> <span class='ocrx_word' id='word_1_129' title='bbox 1193 1676 1228 1740; x_wconf 95' lang='lat' dir='ltr'><strong>in</strong></span> <span class='ocrx_word' id='word_1_130' title='bbox 1245 1675 1381 1740; x_wconf 87' lang='lat' dir='ltr'><strong>Christo</strong></span> 
     </span>
     <span class='ocr_line' id='line_1_28' title="bbox 221 1767 1380 1852; baseline 0 -21"><span class='ocrx_word' id='word_1_131' title='bbox 221 1767 315 1851; x_wconf 92' lang='lat' dir='ltr'><strong>quod</strong></span> <span class='ocrx_word' id='word_1_132' title='bbox 336 1773 452 1832; x_wconf 89' lang='lat' dir='ltr'><strong>vestra</strong></span> <span class='ocrx_word' id='word_1_133' title='bbox 471 1768 665 1852; x_wconf 81' lang='lat' dir='ltr'><strong>prefulgens</strong></span> <span class='ocrx_word' id='word_1_134' title='bbox 686 1768 834 1845; x_wconf 84' lang='lat' dir='ltr'><strong>bonitas.</strong></span> <span class='ocrx_word' id='word_1_135' title='bbox 857 1768 950 1852; x_wconf 91' lang='lat' dir='ltr'><strong>apud</strong></span> <span class='ocrx_word' id='word_1_136' title='bbox 970 1788 1032 1831; x_wconf 90' lang='lat' dir='ltr'><strong>nos</strong></span> <span class='ocrx_word' id='word_1_137' title='bbox 1053 1774 1087 1832; x_wconf 92' lang='lat' dir='ltr'><strong>et</strong></span> <span class='ocrx_word' id='word_1_138' title='bbox 1108 1768 1380 1851; x_wconf 86' lang='lat' dir='ltr'><strong>predecessorem</strong></span> 
     </span>
     <span class='ocr_line' id='line_1_29' title="bbox 221 1859 1379 1944; baseline 0 -21"><span class='ocrx_word' id='word_1_139' title='bbox 221 1865 378 1923; x_wconf 91' lang='lat' dir='ltr'><strong>nostrum</strong></span> <span class='ocrx_word' id='word_1_140' title='bbox 407 1860 471 1923; x_wconf 91' lang='lat' dir='ltr'><strong>sub</strong></span> <span class='ocrx_word' id='word_1_141' title='bbox 498 1859 603 1923; x_wconf 93' lang='lat' dir='ltr'><strong>variis</strong></span> <span class='ocrx_word' id='word_1_142' title='bbox 631 1866 666 1924; x_wconf 93' lang='lat' dir='ltr'><strong>et</strong></span> <span class='ocrx_word' id='word_1_143' title='bbox 693 1860 866 1924; x_wconf 89' lang='lat' dir='ltr'><strong>continuis</strong></span> <span class='ocrx_word' id='word_1_144' title='bbox 894 1860 1114 1944; x_wconf 90' lang='lat' dir='ltr'><strong>experienciis</strong></span> <span class='ocrx_word' id='word_1_145' title='bbox 1142 1861 1379 1943; x_wconf 91' lang='lat' dir='ltr'><strong>comprobata,</strong></span> 
     </span>
     <span class='ocr_line' id='line_1_30' title="bbox 222 1951 1379 2036; baseline 0.002 -22"><span class='ocrx_word' id='word_1_146' title='bbox 222 1951 266 2015; x_wconf 92' lang='lat' dir='ltr'><strong>ad</strong></span> <span class='ocrx_word' id='word_1_147' title='bbox 289 1951 482 2015; x_wconf 87' lang='lat' dir='ltr'><strong>relevamen</strong></span> <span class='ocrx_word' id='word_1_148' title='bbox 504 1958 539 2015; x_wconf 92' lang='lat' dir='ltr'><strong>et</strong></span> <span class='ocrx_word' id='word_1_149' title='bbox 561 1952 710 2036; x_wconf 92' lang='lat' dir='ltr'><strong>regimen</strong></span> <span class='ocrx_word' id='word_1_150' title='bbox 732 1952 816 2016; x_wconf 93' lang='lat' dir='ltr'><strong>dicti</strong></span> <span class='ocrx_word' id='word_1_151' title='bbox 837 1952 1009 2036; x_wconf 87' lang='lat' dir='ltr'><strong>prioratus</strong></span> <span class='ocrx_word' id='word_1_152' title='bbox 1031 1952 1066 2015; x_wconf 95' lang='lat' dir='ltr'><strong>in</strong></span> <span class='ocrx_word' id='word_1_153' title='bbox 1088 1951 1323 2036; x_wconf 89' lang='lat' dir='ltr'><strong>spiritualibus</strong></span> <span class='ocrx_word' id='word_1_154' title='bbox 1345 1959 1379 2016; x_wconf 91' lang='lat' dir='ltr'><strong>et</strong></span> 
     </span>
     <span class='ocr_line' id='line_1_31' title="bbox 222 2043 1378 2127; baseline 0.001 -20"><span class='ocrx_word' id='word_1_155' title='bbox 222 2043 480 2126; x_wconf 72' lang='lat' dir='ltr'><strong>temporalibus</strong></span> <span class='ocrx_word' id='word_1_156' title='bbox 521 2063 692 2127; x_wconf 86' lang='lat' dir='ltr'><strong>prospere,</strong></span> <span class='ocrx_word' id='word_1_157' title='bbox 734 2044 875 2120; x_wconf 89' lang='lat' dir='ltr'><strong>utiliter,</strong></span> <span class='ocrx_word' id='word_1_158' title='bbox 918 2051 952 2107; x_wconf 94' lang='lat' dir='ltr'><strong>et</strong></span> <span class='ocrx_word' id='word_1_159' title='bbox 993 2044 1155 2108; x_wconf 87' lang='lat' dir='ltr'><strong>continue</strong></span> <span class='ocrx_word' id='word_1_160' title='bbox 1195 2043 1378 2127; x_wconf 91' lang='lat' dir='ltr'><strong>pululabit,</strong></span> 
     </span>
     <span class='ocr_line' id='line_1_32' title="bbox 222 2135 1379 2219; baseline 0.001 -21"><span class='ocrx_word' id='word_1_161' title='bbox 222 2135 308 2198; x_wconf 93' lang='lat' dir='ltr'><strong>adeo</strong></span> <span class='ocrx_word' id='word_1_162' title='bbox 331 2140 371 2199; x_wconf 96' lang='lat' dir='ltr'><strong>ut</strong></span> <span class='ocrx_word' id='word_1_163' title='bbox 394 2135 429 2199; x_wconf 92' lang='lat' dir='ltr'><strong>in</strong></span> <span class='ocrx_word' id='word_1_164' title='bbox 453 2142 607 2199; x_wconf 89' lang='lat' dir='ltr'><strong>extremo</strong></span> <span class='ocrx_word' id='word_1_165' title='bbox 625 2136 688 2198; x_wconf 92' lang='lat' dir='ltr'><strong>Dei</strong></span> <span class='ocrx_word' id='word_1_166' title='bbox 711 2136 851 2219; x_wconf 85' lang='lat' dir='ltr'><strong>judicio,</strong></span> <span class='ocrx_word' id='word_1_167' title='bbox 876 2135 920 2200; x_wconf 90' lang='lat' dir='ltr'><strong>ad</strong></span> <span class='ocrx_word' id='word_1_168' title='bbox 943 2142 1103 2200; x_wconf 91' lang='lat' dir='ltr'><strong>mutuam</strong></span> <span class='ocrx_word' id='word_1_169' title='bbox 1127 2136 1379 2200; x_wconf 89' lang='lat' dir='ltr'><strong>exultacionem</strong></span> 
     </span>
     <span class='ocr_line' id='line_1_33' title="bbox 222 2227 1378 2311; baseline 0.002 -21"><span class='ocrx_word' id='word_1_170' title='bbox 222 2233 256 2290; x_wconf 92' lang='lat' dir='ltr'><strong>et</strong></span> <span class='ocrx_word' id='word_1_171' title='bbox 277 2227 419 2311; x_wconf 86' lang='lat' dir='ltr'><strong>gloriam</strong></span> <span class='ocrx_word' id='word_1_172' title='bbox 440 2228 559 2304; x_wconf 85' lang='lat' dir='ltr'><strong>nostri,</strong></span> <span class='ocrx_word' id='word_1_173' title='bbox 581 2228 633 2292; x_wconf 92' lang='lat' dir='ltr'><strong>tui</strong></span> <span class='ocrx_word' id='word_1_174' title='bbox 652 2227 779 2291; x_wconf 89' lang='lat' dir='ltr'><strong>laboris</strong></span> <span class='ocrx_word' id='word_1_175' title='bbox 799 2248 943 2292; x_wconf 85' lang='lat' dir='ltr'><strong>messem</strong></span> <span class='ocrx_word' id='word_1_176' title='bbox 964 2227 1136 2292; x_wconf 87' lang='lat' dir='ltr'><strong>meritorie</strong></span> <span class='ocrx_word' id='word_1_177' title='bbox 1157 2234 1378 2311; x_wconf 81' lang='lat' dir='ltr'><strong>representes</strong></span> 
     </span>
    </p>

    <p class='ocr_par' dir='ltr' id='par_1_5' title="bbox 221 2318 1382 4592">
     <span class='ocr_line' id='line_1_34' title="bbox 266 2318 1380 2403; baseline 0 -21"><span class='ocrx_word' id='word_1_178' title='bbox 266 2318 347 2383; x_wconf 91' lang='lat' dir='ltr'><strong>Dat.</strong></span> <span class='ocrx_word' id='word_1_179' title='bbox 370 2325 410 2382; x_wconf 92' lang='lat' dir='ltr'><strong>ut</strong></span> <span class='ocrx_word' id='word_1_180' title='bbox 432 2340 546 2402; x_wconf 87' lang='lat' dir='ltr'><strong>supra.</strong></span> <span class='ocrx_word' id='word_1_181' title='bbox 593 2319 770 2403; x_wconf 86' lang='lat' dir='ltr'><strong>Suppriori</strong></span> <span class='ocrx_word' id='word_1_182' title='bbox 792 2326 826 2382; x_wconf 92' lang='lat' dir='ltr'><strong>et</strong></span> <span class='ocrx_word' id='word_1_183' title='bbox 848 2319 1020 2383; x_wconf 88' lang='lat' dir='ltr'><strong>canonicis</strong></span> <span class='ocrx_word' id='word_1_184' title='bbox 1041 2319 1178 2384; x_wconf 86' lang='lat' dir='ltr'><strong>ecclesie</strong></span> <span class='ocrx_word' id='word_1_185' title='bbox 1200 2326 1316 2384; x_wconf 92' lang='lat' dir='ltr'><strong>nostre</strong></span> <span class='ocrx_word' id='word_1_186' title='bbox 1338 2319 1380 2383; x_wconf 88' lang='lat' dir='ltr'><strong>de</strong></span> 
     </span>
     <span class='ocr_line' id='line_1_35' title="bbox 222 2410 1380 2495; baseline 0.002 -21"><span class='ocrx_word' id='word_1_187' title='bbox 222 2410 349 2475; x_wconf 86' lang='lat' dir='ltr'><strong>Sancto</strong></span> <span class='ocrx_word' id='word_1_188' title='bbox 369 2411 527 2476; x_wconf 88' lang='lat' dir='ltr'><strong>Oswaldo</strong></span> <span class='ocrx_word' id='word_1_189' title='bbox 547 2410 767 2475; x_wconf 87' lang='lat' dir='ltr'><strong>Gloucestrie.</strong></span> <span class='ocrx_word' id='word_1_190' title='bbox 815 2411 912 2488; x_wconf 85' lang='lat' dir='ltr'><strong>Cum,</strong></span> <span class='ocrx_word' id='word_1_191' title='bbox 932 2418 1079 2475; x_wconf 90' lang='lat' dir='ltr'><strong>vacante</strong></span> <span class='ocrx_word' id='word_1_192' title='bbox 1097 2431 1207 2495; x_wconf 92' lang='lat' dir='ltr'><strong>nuper</strong></span> <span class='ocrx_word' id='word_1_193' title='bbox 1225 2411 1380 2495; x_wconf 90' lang='lat' dir='ltr'><strong>prioratu</strong></span> 
     </span>
     <span class='ocr_line' id='line_1_36' title="bbox 221 2502 1379 2587; baseline 0.001 -22"><span class='ocrx_word' id='word_1_194' title='bbox 221 2510 337 2567; x_wconf 92' lang='lat' dir='ltr'><strong>vestro</strong></span> <span class='ocrx_word' id='word_1_195' title='bbox 352 2523 413 2586; x_wconf 87' lang='lat' dir='ltr'><strong>per</strong></span> <span class='ocrx_word' id='word_1_196' title='bbox 426 2509 573 2567; x_wconf 90' lang='lat' dir='ltr'><strong>mortem</strong></span> <span class='ocrx_word' id='word_1_197' title='bbox 589 2504 704 2567; x_wconf 88' lang='lat' dir='ltr'><strong>fratris</strong></span> <span class='ocrx_word' id='word_1_198' title='bbox 720 2502 869 2580; x_wconf 89' lang='lat' dir='ltr'><strong>Ricardi,</strong></span> <span class='ocrx_word' id='word_1_199' title='bbox 885 2503 1063 2567; x_wconf 89' lang='lat' dir='ltr'><strong>novissimi</strong></span> <span class='ocrx_word' id='word_1_200' title='bbox 1077 2503 1198 2586; x_wconf 91' lang='lat' dir='ltr'><strong>prioris</strong></span> <span class='ocrx_word' id='word_1_201' title='bbox 1212 2503 1379 2587; x_wconf 87' lang='lat' dir='ltr'><strong>ejusdem,</strong></span> 
     </span>
     <span class='ocr_line' id='line_1_37' title="bbox 222 2595 1381 2679; baseline 0.001 -21"><span class='ocrx_word' id='word_1_202' title='bbox 222 2595 396 2659; x_wconf 89' lang='lat' dir='ltr'><strong>ordinacio</strong></span> <span class='ocrx_word' id='word_1_203' title='bbox 417 2595 621 2678; x_wconf 92' lang='lat' dir='ltr'><strong>providendi</strong></span> <span class='ocrx_word' id='word_1_204' title='bbox 642 2595 684 2658; x_wconf 93' lang='lat' dir='ltr'><strong>de</strong></span> <span class='ocrx_word' id='word_1_205' title='bbox 705 2595 815 2678; x_wconf 88' lang='lat' dir='ltr'><strong>priore</strong></span> <span class='ocrx_word' id='word_1_206' title='bbox 837 2595 882 2659; x_wconf 90' lang='lat' dir='ltr'><strong>ad</strong></span> <span class='ocrx_word' id='word_1_207' title='bbox 902 2616 975 2671; x_wconf 92' lang='lat' dir='ltr'><strong>nos,</strong></span> <span class='ocrx_word' id='word_1_208' title='bbox 997 2595 1058 2678; x_wconf 89' lang='lat' dir='ltr'><strong>qui</strong></span> <span class='ocrx_word' id='word_1_209' title='bbox 1078 2602 1245 2679; x_wconf 90' lang='lat' dir='ltr'><strong>patronus</strong></span> <span class='ocrx_word' id='word_1_210' title='bbox 1266 2601 1381 2659; x_wconf 92' lang='lat' dir='ltr'><strong>vester</strong></span> 
     </span>
     <span class='ocr_line' id='line_1_38' title="bbox 222 2687 1379 2771; baseline 0.001 -21"><span class='ocrx_word' id='word_1_211' title='bbox 222 2707 340 2751; x_wconf 92' lang='lat' dir='ltr'><strong>sumus</strong></span> <span class='ocrx_word' id='word_1_212' title='bbox 357 2694 391 2750; x_wconf 92' lang='lat' dir='ltr'><strong>et</strong></span> <span class='ocrx_word' id='word_1_213' title='bbox 408 2687 571 2770; x_wconf 80' lang='lat' dir='ltr'><strong>prelatus</strong></span> <span class='ocrx_word' id='word_1_214' title='bbox 590 2687 690 2770; x_wconf 91' lang='lat' dir='ltr'><strong>pleno</strong></span> <span class='ocrx_word' id='word_1_215' title='bbox 707 2688 792 2771; x_wconf 86' lang='lat' dir='ltr'><strong>jure,</strong></span> <span class='ocrx_word' id='word_1_216' title='bbox 810 2687 898 2751; x_wconf 92' lang='lat' dir='ltr'><strong>sicut</strong></span> <span class='ocrx_word' id='word_1_217' title='bbox 916 2693 1064 2763; x_wconf 91' lang='lat' dir='ltr'><strong>constat,</strong></span> <span class='ocrx_word' id='word_1_218' title='bbox 1083 2687 1185 2751; x_wconf 92' lang='lat' dir='ltr'><strong>fuerit</strong></span> <span class='ocrx_word' id='word_1_219' title='bbox 1203 2687 1379 2764; x_wconf 91' lang='lat' dir='ltr'><strong>devoluta,</strong></span> 
     </span>
     <span class='ocr_line' id='line_1_39' title="bbox 221 2778 1380 2862; baseline 0.001 -20"><span class='ocrx_word' id='word_1_220' title='bbox 221 2799 295 2855; x_wconf 88' lang='lat' dir='ltr'><strong>nos,</strong></span> <span class='ocrx_word' id='word_1_221' title='bbox 322 2778 468 2843; x_wconf 90' lang='lat' dir='ltr'><strong>utilitati</strong></span> <span class='ocrx_word' id='word_1_222' title='bbox 494 2779 768 2862; x_wconf 89' lang='lat' dir='ltr'><strong>congregacionis</strong></span> <span class='ocrx_word' id='word_1_223' title='bbox 794 2786 907 2843; x_wconf 88' lang='lat' dir='ltr'><strong>vestre</strong></span> <span class='ocrx_word' id='word_1_224' title='bbox 933 2785 1078 2862; x_wconf 91' lang='lat' dir='ltr'><strong>patema</strong></span> <span class='ocrx_word' id='word_1_225' title='bbox 1100 2779 1283 2843; x_wconf 84' lang='lat' dir='ltr'><strong>affeccione</strong></span> <span class='ocrx_word' id='word_1_226' title='bbox 1300 2780 1380 2843; x_wconf 90' lang='lat' dir='ltr'><strong>sub-</strong></span> 
     </span>
     <span class='ocr_line' id='line_1_40' title="bbox 224 2871 1382 2955; baseline 0.001 -22"><span class='ocrx_word' id='word_1_227' title='bbox 224 2871 337 2933; x_wconf 92' lang='lat' dir='ltr'><strong>venire</strong></span> <span class='ocrx_word' id='word_1_228' title='bbox 375 2871 562 2954; x_wconf 92' lang='lat' dir='ltr'><strong>cupientes,</strong></span> <span class='ocrx_word' id='word_1_229' title='bbox 600 2877 651 2947; x_wconf 93' lang='lat' dir='ltr'><strong>ut,</strong></span> <span class='ocrx_word' id='word_1_230' title='bbox 690 2871 774 2935; x_wconf 93' lang='lat' dir='ltr'><strong>dum</strong></span> <span class='ocrx_word' id='word_1_231' title='bbox 811 2871 934 2935; x_wconf 90' lang='lat' dir='ltr'><strong>vestris</strong></span> <span class='ocrx_word' id='word_1_232' title='bbox 971 2871 1160 2935; x_wconf 92' lang='lat' dir='ltr'><strong>commodis</strong></span> <span class='ocrx_word' id='word_1_233' title='bbox 1197 2871 1382 2955; x_wconf 88' lang='lat' dir='ltr'><strong>vigilanter</strong></span> 
     </span>
     <span class='ocr_line' id='line_1_41' title="bbox 221 2962 1380 3046; baseline 0.002 -22"><span class='ocrx_word' id='word_1_234' title='bbox 221 2962 421 3039; x_wconf 92' lang='lat' dir='ltr'><strong>insistimus,</strong></span> <span class='ocrx_word' id='word_1_235' title='bbox 464 2963 601 3027; x_wconf 89' lang='lat' dir='ltr'><strong>ecclesie</strong></span> <span class='ocrx_word' id='word_1_236' title='bbox 643 2963 761 3046; x_wconf 90' lang='lat' dir='ltr'><strong>pocius</strong></span> <span class='ocrx_word' id='word_1_237' title='bbox 803 2963 991 3027; x_wconf 90' lang='lat' dir='ltr'><strong>secundum</strong></span> <span class='ocrx_word' id='word_1_238' title='bbox 1033 2963 1146 3027; x_wconf 93' lang='lat' dir='ltr'><strong>Deum</strong></span> <span class='ocrx_word' id='word_1_239' title='bbox 1187 2962 1380 3046; x_wconf 92' lang='lat' dir='ltr'><strong>prospicere</strong></span> 
     </span>
     <span class='ocr_line' id='line_1_42' title="bbox 221 3054 1380 3139; baseline 0 -21"><span class='ocrx_word' id='word_1_240' title='bbox 221 3074 420 3118; x_wconf 89' lang='lat' dir='ltr'><strong>censeamur</strong></span> <span class='ocrx_word' id='word_1_241' title='bbox 439 3075 544 3138; x_wconf 90' lang='lat' dir='ltr'><strong>quarn</strong></span> <span class='ocrx_word' id='word_1_242' title='bbox 565 3075 718 3138; x_wconf 93' lang='lat' dir='ltr'><strong>persone,</strong></span> <span class='ocrx_word' id='word_1_243' title='bbox 740 3056 881 3119; x_wconf 90' lang='lat' dir='ltr'><strong>fratrem</strong></span> <span class='ocrx_word' id='word_1_244' title='bbox 903 3054 1090 3118; x_wconf 87' lang='lat' dir='ltr'><strong>Ricardum</strong></span> <span class='ocrx_word' id='word_1_245' title='bbox 1111 3055 1153 3119; x_wconf 92' lang='lat' dir='ltr'><strong>de</strong></span> <span class='ocrx_word' id='word_1_246' title='bbox 1174 3055 1380 3139; x_wconf 90' lang='lat' dir='ltr'><strong>Bath[amp-</strong></span> 
     </span>
     <span class='ocr_line' id='line_1_43' title="bbox 221 3146 1381 3231; baseline 0.001 -21"><span class='ocrx_word' id='word_1_247' title='bbox 221 3149 328 3226; x_wconf 89' lang='lat' dir='ltr'><strong>tone]‚</strong></span> <span class='ocrx_word' id='word_1_248' title='bbox 348 3147 475 3210; x_wconf 93' lang='lat' dir='ltr'><strong>ordinis</strong></span> <span class='ocrx_word' id='word_1_249' title='bbox 494 3146 612 3211; x_wconf 84' lang='lat' dir='ltr'><strong>Sancti</strong></span> <span class='ocrx_word' id='word_1_250' title='bbox 630 3146 824 3231; x_wconf 86' lang='lat' dir='ltr'><strong>Augustini,</strong></span> <span class='ocrx_word' id='word_1_251' title='bbox 845 3147 1059 3230; x_wconf 89' lang='lat' dir='ltr'><strong>capellanum</strong></span> <span class='ocrx_word' id='word_1_252' title='bbox 1078 3153 1246 3223; x_wconf 92' lang='lat' dir='ltr'><strong>nostrum,</strong></span> <span class='ocrx_word' id='word_1_253' title='bbox 1266 3147 1381 3211; x_wconf 91' lang='lat' dir='ltr'><strong>virum</strong></span> 
     </span>
     <span class='ocr_line' id='line_1_44' title="bbox 221 3238 1379 3323; baseline 0.001 -22"><span class='ocrx_word' id='word_1_254' title='bbox 221 3238 256 3301; x_wconf 94' lang='lat' dir='ltr'><strong>in</strong></span> <span class='ocrx_word' id='word_1_255' title='bbox 278 3238 513 3322; x_wconf 88' lang='lat' dir='ltr'><strong>spiritualibus</strong></span> <span class='ocrx_word' id='word_1_256' title='bbox 535 3238 730 3322; x_wconf 92' lang='lat' dir='ltr'><strong>providum,</strong></span> <span class='ocrx_word' id='word_1_257' title='bbox 754 3239 789 3302; x_wconf 95' lang='lat' dir='ltr'><strong>in</strong></span> <span class='ocrx_word' id='word_1_258' title='bbox 811 3238 1058 3321; x_wconf 86' lang='lat' dir='ltr'><strong>temporalibus</strong></span> <span class='ocrx_word' id='word_1_259' title='bbox 1080 3238 1379 3323; x_wconf 91' lang='lat' dir='ltr'><strong>circumspectum,</strong></span> 
     </span>
     <span class='ocr_line' id='line_1_45' title="bbox 221 3330 1380 3414; baseline 0.002 -22"><span class='ocrx_word' id='word_1_260' title='bbox 221 3330 256 3393; x_wconf 90' lang='lat' dir='ltr'><strong>in</strong></span> <span class='ocrx_word' id='word_1_261' title='bbox 289 3330 450 3414; x_wconf 92' lang='lat' dir='ltr'><strong>regimine</strong></span> <span class='ocrx_word' id='word_1_262' title='bbox 483 3331 680 3407; x_wconf 91' lang='lat' dir='ltr'><strong>discretum,</strong></span> <span class='ocrx_word' id='word_1_263' title='bbox 714 3331 924 3414; x_wconf 86' lang='lat' dir='ltr'><strong>subjacendo</strong></span> <span class='ocrx_word' id='word_1_264' title='bbox 960 3352 1000 3394; x_wconf 93' lang='lat' dir='ltr'><strong>ac</strong></span> <span class='ocrx_word' id='word_1_265' title='bbox 1031 3351 1281 3414; x_wconf 91' lang='lat' dir='ltr'><strong>nonnunquam</strong></span> <span class='ocrx_word' id='word_1_266' title='bbox 1305 3351 1380 3414; x_wconf 92' lang='lat' dir='ltr'><strong>pre-</strong></span> 
     </span>
     <span class='ocr_line' id='line_1_46' title="bbox 221 3421 1380 3506; baseline 0.002 -22"><span class='ocrx_word' id='word_1_267' title='bbox 221 3421 408 3486; x_wconf 91' lang='lat' dir='ltr'><strong>muniendo</strong></span> <span class='ocrx_word' id='word_1_268' title='bbox 446 3422 666 3486; x_wconf 90' lang='lat' dir='ltr'><strong>laudabiliter</strong></span> <span class='ocrx_word' id='word_1_269' title='bbox 704 3430 896 3506; x_wconf 84' lang='lat' dir='ltr'><strong>expertum,</strong></span> <span class='ocrx_word' id='word_1_270' title='bbox 937 3424 1035 3506; x_wconf 87' lang='lat' dir='ltr'><strong>cujus</strong></span> <span class='ocrx_word' id='word_1_271' title='bbox 1074 3442 1185 3486; x_wconf 91' lang='lat' dir='ltr'><strong>mores</strong></span> <span class='ocrx_word' id='word_1_272' title='bbox 1224 3423 1380 3500; x_wconf 90' lang='lat' dir='ltr'><strong>honeste,</strong></span> 
     </span>
     <span class='ocr_line' id='line_1_47' title="bbox 222 3514 1381 3598; baseline 0 -20"><span class='ocrx_word' id='word_1_273' title='bbox 222 3514 493 3578; x_wconf 90' lang='lat' dir='ltr'><strong>conversacionis</strong></span> <span class='ocrx_word' id='word_1_274' title='bbox 523 3514 710 3589; x_wconf 87' lang='lat' dir='ltr'><strong>sinceritas,</strong></span> <span class='ocrx_word' id='word_1_275' title='bbox 742 3522 816 3578; x_wconf 92' lang='lat' dir='ltr'><strong>tam</strong></span> <span class='ocrx_word' id='word_1_276' title='bbox 845 3515 947 3598; x_wconf 84' lang='lat' dir='ltr'><strong>juxta</strong></span> <span class='ocrx_word' id='word_1_277' title='bbox 977 3515 1068 3578; x_wconf 90' lang='lat' dir='ltr'><strong>latus</strong></span> <span class='ocrx_word' id='word_1_278' title='bbox 1098 3515 1186 3578; x_wconf 92' lang='lat' dir='ltr'><strong>bone</strong></span> <span class='ocrx_word' id='word_1_279' title='bbox 1217 3515 1381 3579; x_wconf 91' lang='lat' dir='ltr'><strong>memorie</strong></span> 
     </span>
     <span class='ocr_line' id='line_1_48' title="bbox 222 3606 1381 3690; baseline 0.003 -22"><span class='ocrx_word' id='word_1_280' title='bbox 222 3606 352 3669; x_wconf 90' lang='lat' dir='ltr'><strong>domini</strong></span> <span class='ocrx_word' id='word_1_281' title='bbox 378 3606 443 3683; x_wconf 80' lang='lat' dir='ltr'><strong>W,</strong></span> <span class='ocrx_word' id='word_1_282' title='bbox 471 3606 716 3689; x_wconf 90' lang='lat' dir='ltr'><strong>predecessoris</strong></span> <span class='ocrx_word' id='word_1_283' title='bbox 741 3607 860 3683; x_wconf 90' lang='lat' dir='ltr'><strong>nostri,</strong></span> <span class='ocrx_word' id='word_1_284' title='bbox 888 3627 993 3690; x_wconf 91' lang='lat' dir='ltr'><strong>quam</strong></span> <span class='ocrx_word' id='word_1_285' title='bbox 1020 3613 1187 3682; x_wconf 91' lang='lat' dir='ltr'><strong>nostrum,</strong></span> <span class='ocrx_word' id='word_1_286' title='bbox 1207 3613 1381 3690; x_wconf 91' lang='lat' dir='ltr'><strong>quatenus</strong></span> 
     </span>
     <span class='ocr_line' id='line_1_49' title="bbox 221 3698 1382 3782; baseline 0.001 -21"><span class='ocrx_word' id='word_1_287' title='bbox 221 3698 371 3761; x_wconf 92' lang='lat' dir='ltr'><strong>humane</strong></span> <span class='ocrx_word' id='word_1_288' title='bbox 395 3698 604 3762; x_wconf 91' lang='lat' dir='ltr'><strong>condicionis</strong></span> <span class='ocrx_word' id='word_1_289' title='bbox 628 3698 794 3782; x_wconf 84' lang='lat' dir='ltr'><strong>fragilitas</strong></span> <span class='ocrx_word' id='word_1_290' title='bbox 819 3698 967 3775; x_wconf 88' lang='lat' dir='ltr'><strong>tollerat,</strong></span> <span class='ocrx_word' id='word_1_291' title='bbox 992 3698 1228 3782; x_wconf 90' lang='lat' dir='ltr'><strong>multipliciter</strong></span> <span class='ocrx_word' id='word_1_292' title='bbox 1251 3719 1382 3763; x_wconf 91' lang='lat' dir='ltr'><strong>recom-</strong></span> 
     </span>
     <span class='ocr_line' id='line_1_50' title="bbox 222 3790 1382 3874; baseline 0.003 -22"><span class='ocrx_word' id='word_1_293' title='bbox 222 3790 375 3866; x_wconf 92' lang='lat' dir='ltr'><strong>mendat,</strong></span> <span class='ocrx_word' id='word_1_294' title='bbox 411 3790 510 3854; x_wconf 92' lang='lat' dir='ltr'><strong>vobis</strong></span> <span class='ocrx_word' id='word_1_295' title='bbox 546 3791 753 3854; x_wconf 89' lang='lat' dir='ltr'><strong>auctoritate</strong></span> <span class='ocrx_word' id='word_1_296' title='bbox 788 3791 960 3854; x_wconf 88' lang='lat' dir='ltr'><strong>ordinaria</strong></span> <span class='ocrx_word' id='word_1_297' title='bbox 995 3797 1029 3854; x_wconf 92' lang='lat' dir='ltr'><strong>et</strong></span> <span class='ocrx_word' id='word_1_298' title='bbox 1064 3795 1238 3874; x_wconf 91' lang='lat' dir='ltr'><strong>potestate</strong></span> <span class='ocrx_word' id='word_1_299' title='bbox 1272 3790 1382 3855; x_wconf 91' lang='lat' dir='ltr'><strong>libera</strong></span> 
     </span>
     <span class='ocr_line' id='line_1_51' title="bbox 222 3882 1381 3966; baseline 0.002 -21"><span class='ocrx_word' id='word_1_300' title='bbox 222 3882 416 3965; x_wconf 88' lang='lat' dir='ltr'><strong>preficimus</strong></span> <span class='ocrx_word' id='word_1_301' title='bbox 435 3882 470 3945; x_wconf 92' lang='lat' dir='ltr'><strong>in</strong></span> <span class='ocrx_word' id='word_1_302' title='bbox 492 3882 650 3965; x_wconf 87' lang='lat' dir='ltr'><strong>priorem,</strong></span> <span class='ocrx_word' id='word_1_303' title='bbox 672 3882 809 3966; x_wconf 91' lang='lat' dir='ltr'><strong>plenam</strong></span> <span class='ocrx_word' id='word_1_304' title='bbox 832 3882 1168 3947; x_wconf 87' lang='lat' dir='ltr'><strong>administracionem</strong></span> <span class='ocrx_word' id='word_1_305' title='bbox 1185 3883 1219 3945; x_wconf 95' lang='lat' dir='ltr'><strong>in</strong></span> <span class='ocrx_word' id='word_1_306' title='bbox 1233 3882 1381 3966; x_wconf 80' lang='lat' dir='ltr'><strong>&#39;spiritu-</strong></span> 
     </span>
     <span class='ocr_line' id='line_1_52' title="bbox 224 3973 1381 4057; baseline 0.001 -20"><span class='ocrx_word' id='word_1_307' title='bbox 224 3973 334 4038; x_wconf 91' lang='lat' dir='ltr'><strong>alibus</strong></span> <span class='ocrx_word' id='word_1_308' title='bbox 350 3981 385 4037; x_wconf 95' lang='lat' dir='ltr'><strong>et</strong></span> <span class='ocrx_word' id='word_1_309' title='bbox 401 3974 648 4057; x_wconf 88' lang='lat' dir='ltr'><strong>temporalibus</strong></span> <span class='ocrx_word' id='word_1_310' title='bbox 667 3975 839 4057; x_wconf 90' lang='lat' dir='ltr'><strong>prioratus</strong></span> <span class='ocrx_word' id='word_1_311' title='bbox 855 3974 961 4038; x_wconf 91' lang='lat' dir='ltr'><strong>vestri</strong></span> <span class='ocrx_word' id='word_1_312' title='bbox 980 3975 1091 4038; x_wconf 91' lang='lat' dir='ltr'><strong>eidem</strong></span> <span class='ocrx_word' id='word_1_313' title='bbox 1110 3980 1227 4038; x_wconf 92' lang='lat' dir='ltr'><strong>tenore</strong></span> <span class='ocrx_word' id='word_1_314' title='bbox 1243 3995 1381 4057; x_wconf 91' lang='lat' dir='ltr'><strong>presen-</strong></span> 
     </span>
     <span class='ocr_line' id='line_1_53' title="bbox 223 4065 1381 4150; baseline 0.001 -21"><span class='ocrx_word' id='word_1_315' title='bbox 223 4065 314 4129; x_wconf 92' lang='lat' dir='ltr'><strong>cium</strong></span> <span class='ocrx_word' id='word_1_316' title='bbox 345 4066 580 4130; x_wconf 87' lang='lat' dir='ltr'><strong>concedentes.</strong></span> <span class='ocrx_word' id='word_1_317' title='bbox 628 4066 794 4150; x_wconf 76' lang='lat' dir='ltr'><strong>Quocirca</strong></span> <span class='ocrx_word' id='word_1_318' title='bbox 825 4066 1003 4130; x_wconf 91' lang='lat' dir='ltr'><strong>devocioni</strong></span> <span class='ocrx_word' id='word_1_319' title='bbox 1022 4072 1146 4143; x_wconf 88' lang='lat' dir='ltr'><strong>vestre,</strong></span> <span class='ocrx_word' id='word_1_320' title='bbox 1180 4066 1215 4130; x_wconf 96' lang='lat' dir='ltr'><strong>in</strong></span> <span class='ocrx_word' id='word_1_321' title='bbox 1248 4065 1381 4131; x_wconf 90' lang='lat' dir='ltr'><strong>virtute</strong></span> 
     </span>
     <span class='ocr_line' id='line_1_54' title="bbox 224 4157 1381 4242; baseline 0.002 -21"><span class='ocrx_word' id='word_1_322' title='bbox 224 4164 342 4221; x_wconf 90' lang='lat' dir='ltr'><strong>sancte</strong></span> <span class='ocrx_word' id='word_1_323' title='bbox 368 4157 563 4222; x_wconf 92' lang='lat' dir='ltr'><strong>obediencie</strong></span> <span class='ocrx_word' id='word_1_324' title='bbox 587 4158 730 4222; x_wconf 90' lang='lat' dir='ltr'><strong>firmiter</strong></span> <span class='ocrx_word' id='word_1_325' title='bbox 746 4158 975 4242; x_wconf 91' lang='lat' dir='ltr'><strong>precipiend0,</strong></span> <span class='ocrx_word' id='word_1_326' title='bbox 993 4159 1199 4223; x_wconf 89' lang='lat' dir='ltr'><strong>mandamus</strong></span> <span class='ocrx_word' id='word_1_327' title='bbox 1214 4158 1381 4242; x_wconf 86' lang='lat' dir='ltr'><strong>quatinus</strong></span> 
     </span>
     <span class='ocr_line' id='line_1_55' title="bbox 224 4248 1381 4333; baseline 0.003 -21"><span class='ocrx_word' id='word_1_328' title='bbox 224 4248 355 4313; x_wconf 92' lang='lat' dir='ltr'><strong>dictum</strong></span> <span class='ocrx_word' id='word_1_329' title='bbox 368 4250 510 4314; x_wconf 89' lang='lat' dir='ltr'><strong>fratrem</strong></span> <span class='ocrx_word' id='word_1_330' title='bbox 524 4249 578 4326; x_wconf 82' lang='lat' dir='ltr'><strong>R,</strong></span> <span class='ocrx_word' id='word_1_331' title='bbox 589 4251 737 4333; x_wconf 92' lang='lat' dir='ltr'><strong>priorem</strong></span> <span class='ocrx_word' id='word_1_332' title='bbox 753 4257 918 4326; x_wconf 90' lang='lat' dir='ltr'><strong>vestrum,</strong></span> <span class='ocrx_word' id='word_1_333' title='bbox 934 4257 1127 4314; x_wconf 91' lang='lat' dir='ltr'><strong>reverenter</strong></span> <span class='ocrx_word' id='word_1_334' title='bbox 1143 4250 1381 4329; x_wconf 91' lang='lat' dir='ltr'><strong>admittentes,</strong></span> 
     </span>
     <span class='ocr_line' id='line_1_56' title="bbox 223 4341 1380 4425; baseline 0.003 -22"><span class='ocrx_word' id='word_1_335' title='bbox 223 4341 333 4405; x_wconf 92' lang='lat' dir='ltr'><strong>eidem</strong></span> <span class='ocrx_word' id='word_1_336' title='bbox 365 4347 534 4425; x_wconf 90' lang='lat' dir='ltr'><strong>tanquam</strong></span> <span class='ocrx_word' id='word_1_337' title='bbox 560 4343 664 4425; x_wconf 89' lang='lat' dir='ltr'><strong>priori</strong></span> <span class='ocrx_word' id='word_1_338' title='bbox 693 4349 819 4419; x_wconf 85' lang='lat' dir='ltr'><strong>vestm,</strong></span> <span class='ocrx_word' id='word_1_339' title='bbox 843 4362 904 4425; x_wconf 87' lang='lat' dir='ltr'><strong>per</strong></span> <span class='ocrx_word' id='word_1_340' title='bbox 920 4362 982 4406; x_wconf 93' lang='lat' dir='ltr'><strong>nos</strong></span> <span class='ocrx_word' id='word_1_341' title='bbox 1011 4342 1173 4406; x_wconf 90' lang='lat' dir='ltr'><strong>canonice</strong></span> <span class='ocrx_word' id='word_1_342' title='bbox 1205 4341 1380 4420; x_wconf 92' lang='lat' dir='ltr'><strong>institut0‚</strong></span> 
     </span>
     <span class='ocr_line' id='line_1_57' title="bbox 223 4431 1382 4518; baseline 0.003 -22"><span class='ocrx_word' id='word_1_343' title='bbox 223 4431 379 4498; x_wconf 92' lang='lat' dir='ltr'><strong>decetero</strong></span> <span class='ocrx_word' id='word_1_344' title='bbox 399 4434 568 4498; x_wconf 90' lang='lat' dir='ltr'><strong>obediatis</strong></span> <span class='ocrx_word' id='word_1_345' title='bbox 589 4441 623 4498; x_wconf 91' lang='lat' dir='ltr'><strong>et</strong></span> <span class='ocrx_word' id='word_1_346' title='bbox 644 4434 820 4499; x_wconf 91' lang='lat' dir='ltr'><strong>humiliter</strong></span> <span class='ocrx_word' id='word_1_347' title='bbox 839 4454 900 4518; x_wconf 93' lang='lat' dir='ltr'><strong>per</strong></span> <span class='ocrx_word' id='word_1_348' title='bbox 919 4434 1053 4518; x_wconf 91' lang='lat' dir='ltr'><strong>singula</strong></span> <span class='ocrx_word' id='word_1_349' title='bbox 1072 4433 1272 4512; x_wconf 76' lang='lat' dir='ltr'><strong>intendatis</strong></span> <span class='ocrx_word' id='word_1_350' title='bbox 1290 4433 1382 4500; x_wconf 91' lang='lat' dir='ltr'><strong>sicut</strong></span> 
     </span>
     <span class='ocr_line' id='line_1_58' title="bbox 223 4523 332 4592; baseline 0.037 -4"><span class='ocrx_word' id='word_1_351' title='bbox 223 4523 332 4592; x_wconf 90' lang='lat' dir='ltr'><strong>decet.</strong></span> 
     </span>
    </p>
   </div>
   <div class='ocr_carea' id='block_1_5' title="bbox 0 0 1502 4996">
    <p class='ocr_par' dir='ltr' id='par_1_6' title="bbox 0 0 1502 4996">
     <span class='ocr_line' id='line_1_59' title="bbox 0 0 1502 4996; baseline 0 0"><span class='ocrx_word' id='word_1_352' title='bbox 0 0 1502 4996; x_wconf 95' lang='lat' dir='ltr'><strong> </strong></span> 
     </span>
    </p>
   </div>
  </div>
 </body>
</html>
