2994 4996
219 450 278 530 264
330 468 395 512 THE
418 467 582 514 REGISTER
602 469 644 514 OF
667 468 877 515 ARCHBISHOP
898 467 1046 514 WILLIAM
1068 467 1271 515 WICKWANE.

218 629 253 688 et
269 624 504 689 sanctuarium
520 624 737 710 expulerunt,
754 630 789 689 et
805 625 930 690 armati
946 644 1015 710 pert
1022 624 1172 710 patriam
1187 623 1380 710 perniciose

218 715 414 781 discurrunt
447 723 568 799 contra
601 737 722 801 pacem
755 718 849 802 regni
881 717 999 795 vestri,
1033 723 1069 782 et
1102 716 1215 782 multa
1246 715 1378 781 ibidem

138 856 143 866 .
218 808 339 872 misere
358 814 601 892 perpetrarunt
752 811 766 852 1
786 829 854 893 que
874 808 1113 874 abominabili²
1132 814 1249 874 mente
1268 807 1379 872 horri-

218 899 281 964 fice
300 901 533 978 abhorremus,
553 906 589 965 et
608 901 860 985 proteceionem
878 907 1031 966 vestram
1050 901 1086 966 in
1104 901 1175 967 suis
1193 899 1380 966 sceleribus

218 1012 253 1056 se
272 992 397 1056 habere
416 998 584 1069 asserunt,
603 1013 721 1077 quam,
740 994 839 1058 novit
858 994 963 1071 Deus,
982 1013 1052 1058 non
1071 992 1241 1058 credimus
1260 1008 1379 1057 eman-

218 1105 302 1148 asse.
350 1084 450 1149 Unde
467 1084 700 1170 supplicamus
718 1085 919 1150 excellencie
936 1092 1050 1151 vestre
1067 1085 1233 1169 quatinus
1250 1085 1380 1149 iterato

217 1176 422 1253 vicecomiti,
446 1176 502 1240 vel
525 1177 609 1242 alias
632 1177 721 1243 sieut
745 1178 819 1242 Deo
841 1177 951 1262 magis
973 1177 1129 1242 videritis
1151 1176 1378 1262 complacere,

216 1288 438 1351 perseverans
462 1274 497 1333 et
522 1269 726 1335 timorosum
749 1269 950 1346 remedium,
975 1269 1037 1335 ad³
1061 1269 1227 1334 honorem
1251 1267 1318 1334 Dei
1341 1273 1379 1332 et

216 1361 290 1445 ejus
313 1361 554 1439 reverenciam,
573 1361 762 1446 injungatis
779 1382 822 1426 ne
838 1361 981 1427 ulterius
997 1361 1074 1446 ipsi,
1092 1360 1149 1426 vel
1164 1361 1232 1438 alii,
1255 1379 1381 1446 pacem

216 1453 344 1536 regiam
368 1453 602 1537 infringentes,
628 1453 875 1537 patrimonium
900 1453 1090 1538 dilapident
1115 1453 1287 1530 Crucifixi,
1313 1472 1378 1517 nec

217 1544 365 1609 salutem
381 1544 572 1629 impediant
588 1565 648 1610 seu
663 1545 813 1630 regimen
829 1544 1058 1611 subditorum.
1083 1545 1131 1610 Et
1146 1545 1229 1629 quia
1237 1544 1380 1610 clericos

217 1642 363 1714 nostros
384 1657 471 1721 quos
490 1637 526 1701 in
549 1637 748 1722 hujusmodi
767 1637 907 1713 scelere<1
926 1637 1158 1703 invenerimus
1176 1635 1379 1722 culpabiles,

219 1728 430 1793 intendimus
470 1728 837 1794 excommunicacionis
877 1749 1010 1795 carcere
1049 1728 1221 1815 spirituali
1260 1727 1381 1793 debite

219 1820 397 1905 castigare,
414 1820 625 1885 confidenter
639 1821 790 1907 petimus
805 1821 900 1906 quod
915 1821 958 1886 de
972 1820 1067 1887 laicis
1082 1820 1211 1886 ibidem
1226 1819 1381 1885 inventis

218 1933 352 1978 carcere
382 1913 553 1978 materiali
582 1934 643 1998 per
672 1912 967 1999 magnificenciam
996 1913 1125 1999 regiam
1155 1911 1381 1980 consimiliter

220 2005 311 2069 idem
327 2005 401 2070 fiat.
448 2005 645 2083 Conservet,
662 2012 728 2071 etc.

55 2120 184 2161 Thearehb·
262 2109 377 2190 3kal.
404 2108 499 2193 Sept.
529 2109 629 2194 (Aug.
657 2128 710 2191 30,
740 2110 850 2192 1280).
896 2109 1001 2194 Apud
1027 2109 1263 2175 Beverlacum.
1310 2108 1379 2186 W.‚

57 2174 80 2210 to
90 2171 126 2210 the

55 2221 172 2311 qukrsrhqe
219 2206 297 2278 etc,
320 2201 446 2266 dilecto
467 2201 533 2266 sibi
553 2202 589 2267 in
609 2202 746 2267 Christo
767 2202 918 2280 domino,
940 2201 1135 2267 vicecomiti
1156 2201 1379 2279 Eboracensi,

55 2321 158 2381 nvonng
173 2302 207 2361 'urs
219 2293 368 2359 salutem
402 2315 482 2359 curn
516 2293 757 2359 benediccione
792 2300 827 2359 et
861 2295 976 2379 gracia
1010 2293 1210 2359 Salvatoris.
1256 2293 1381 2358 Vestre

56 2371 196 2471 ῗιῇᾗξςῗὲ,
220 2385 400 2451 devocioni
427 2391 546 2450 tenore
573 2387 797 2471 presencium,
825 2406 895 2451 non
924 2385 1054 2470 absque
1081 2384 1175 2450 tedio
1202 2384 1316 2451 cordis
1344 2391 1381 2450 et

56 2472 171 2562 m?
220 2477 398 2562 angustiis,
419 2478 624 2543 nunciamus
643 2477 738 2562 quod
757 2485 944 2563 postquam
964 2477 1009 2543 ab
1029 2476 1170 2543 ecclesia
1189 2477 1233 2542 de
1252 2476 1381 2562 Feriby

56 2573 178 2672 gfflbigw
219 2570 292 2634 vim
317 2575 352 2634 et
377 2570 609 2635 resistenciam
633 2570 789 2635 laicalem
813 2590 923 2655 nuper
947 2569 992 2635 ad
1016 2569 1223 2634 mandatum
1247 2569 1381 2655 regium

55 2673 142 2714 churdr·
220 2662 410 2738 amovistis,
428 2661 531 2726 iidem
547 2669 582 2727 et
599 2662 656 2727 alii
671 2662 744 2747 jam
761 2662 897 2739 iterato,
914 2662 1063 2747 amplius
1078 2661 1180 2726 solito
1196 2660 1381 2740 sevientes,

219 2753 364 2818 eandem
386 2754 563 2819 ecelesiam
584 2761 755 2839 occupant
776 2761 811 2819 et
832 2754 989 2819 detinent
1009 2753 1187 2830 violenter,
1209 2774 1250 2818 ac
1270 2773 1383 2819 saeer-

220 2845 319 2910 dotes
347 2852 382 2910 et
411 2845 550 2911 elericos
578 2846 733 2931 ejusdem
761 2846 900 2911 ecclesie
928 2846 998 2910 iere
1026 2845 1072 2910 ad
1099 2851 1259 2922 mortem,
1289 2844 1382 2911 sicut

220 2937 412 3015 didicimus,
431 2938 591 3022 primitus
607 2937 817 3016 verberatos,
835 2937 1068 3003 inmanissime
1086 2943 1185 3002 extra
1201 2936 1382 3002 eeclesiam

220 3036 255 3094 et
274 3030 511 3094 sanctuarium
530 3030 746 3114 expulerunt,
767 3035 802 3094 et
821 3030 954 3114 impetu
973 3029 1101 3094 furioso
1120 3028 1232 3094 multa
1250 3028 1382 3094 ibidem

220 3127 421 3205 perpetrant
451 3142 519 3206 que
549 3121 797 3187 abhominabili
826 3122 928 3187 eorde
957 3121 1113 3186 horrifice
1143 3121 1381 3187 abhorremus.

220 3213 321 3278 Unde
342 3213 521 3279 devocioni
541 3221 655 3279 vestre
675 3213 909 3299 supplicamus
928 3213 1094 3298 quatinus
1113 3213 1203 3278 eirca
1224 3212 1382 3278 durabile

220 3312 255 3370 et
281 3305 419 3370 firmum
445 3306 634 3371 remedium
660 3311 781 3371 contra
806 3306 1069 3390 perversitatem
1094 3304 1295 3390 hujusmodi
1320 3305 1382 3370 ad-

220 3397 420 3475 hibendum,
432 3397 477 3462 ob
488 3398 719 3463 reverenciam
730 3398 805 3476 Dei,
817 3398 902 3463 totis
912 3397 1043 3463 viribus
1053 3397 1206 3463 celeriter
1216 3396 1383 3464 laboretis

220 3510 263 3554 ne
292 3510 413 3574 pacem
443 3489 571 3574 regiam
600 3489 655 3554 vel
684 3491 817 3555 factum
846 3495 1003 3555 nostrum
1033 3488 1148 3554 debite
1177 3488 1382 3555 inchoatum

221 3581 400 3647 derideant
416 3582 564 3666 amplius
579 3582 634 3646 vel
649 3582 848 3667 infringant.
895 3583 995 3660 Ecce,
1012 3581 1114 3659 enim,
1130 3581 1382 3666 patrimonium

221 3673 381 3739 Crucifixi
417 3673 545 3758 passim
581 3674 776 3759 dilapidant
812 3680 848 3739 et
884 3680 1103 3751 consumunt,
1129 3693 1193 3739 nec
1228 3673 1382 3740 officium

220 3773 377 3832 nostrum
407 3765 536 3830 ibidem
565 3766 748 3844 sustinent,
767 3773 819 3831 set
836 3766 984 3831 salutem
1014 3765 1154 3830 omnino
1184 3765 1382 3850 impediunt

219 3858 438 3923 subditorum
454 3881 461 3936 ;
494 3858 583 3924 sicut
600 3859 665 3923 hoc
682 3858 822 3923 domino
839 3858 908 3943 regi
924 3857 1057 3943 plenius
1074 3857 1290 3935 nunciamu5‚
1307 3858 1381 3944 qui,
1449 3866 1454 3871 “

219 3950 308 4015 sicut
332 3971 520 4035 speramus,
548 3950 591 4014 de
617 3950 710 4015 fideli
736 3957 771 4015 et
796 3949 894 4015 celeri
921 3949 1103 4035 diligencia
1125 3955 1242 4015 vestra
1257 3949 1383 4016 intime

219 4042 461 4128 congaudebit,
489 4042 678 4107 dummodo
712 4041 778 4108 sibi
811 4042 898 4107 serio
932 4048 1144 4127 suggeratur.
1206 4041 1382 4121 Vestram,

218 4135 247 4200 si
277 4134 402 4219 placet,
434 4133 533 4200 nobis
563 4155 666 4221 super
695 4135 761 4199 hoc
790 4134 1009 4199 voluntatem
1039 4139 1075 4198 et
1104 4132 1381 4200 benivolenciam

219 4226 423 4292 rescribatis.

69 4331 162 4372 ama.
262 4319 337 4401 655.
385 4337 404 4385 2
436 4318 513 4384 idus
544 4318 639 4403 Sept.
673 4318 781 4404 (Sept.
816 4336 868 4396 12,
903 4318 1012 4401 1280).
1059 4317 1233 4404 Wyltone.
1280 4317 1383 4385 Com·

252 4446 357 4495 1Blank
369 4446 399 4495 in
412 4446 482 4495 both
494 4446 583 4496 lolios.
842 4444 908 4496 ³Ob.
947 4445 1019 4494 Ibid.

252 4512 482 4562 'Abhominabili
521 4513 570 4562 F0.
587 4512 643 4562 129.
846 4512 959 4562 ‘Celere
997 4511 1069 4561 Ibid.
