2994 4996
250 434 290 513 96
367 452 433 496 THE
456 452 619 496 REGISTER
640 452 681 495 OF
702 451 914 497 ARCHBISHOP
935 451 1082 496 WILLIAM
1104 452 1305 500 WICKWANE.

250 610 432 687 sufficiant,
454 609 601 692 recipere
621 629 661 673 ac
681 615 796 673 tenere
817 608 888 672 sine
909 607 1165 691 dispensacione
1186 608 1283 675 Sedis
1302 611 1411 697 Apos-

251 702 351 767 tolice
371 722 440 765 non
462 699 649 766 formidant
666 723 672 777 ;
695 700 827 764 animas
847 700 1073 783 proculdubio
1093 721 1180 784 quas
1201 722 1319 767 curare
1339 725 1408 769 non

251 800 394 877 possunt
415 792 652 857 miserabiliter
672 792 919 868 defraudando,
940 792 1099 875 bonaque
1119 813 1188 856 non
1208 815 1281 871 suo,
1302 795 1408 860 immo

251 886 368 969 pocius
396 884 566 961 crucifixi,
592 883 749 967 nequiter
777 883 1001 967 occupand0;
1058 904 1100 946 ne
1128 905 1189 968 per
1217 886 1408 952 dissimula-

251 977 356 1042 cionis
380 977 563 1060 perniciem
587 976 678 1040 tanti
703 975 882 1039 videamur
905 975 1055 1040 criminis
1079 996 1148 1040 non
1172 985 1339 1060 expertes,
1365 1001 1408 1044 ne

250 1089 375 1153 penam
398 1088 504 1152 quam
528 1069 583 1151 jus
607 1087 736 1131 novum
761 1074 795 1132 et
820 1073 920 1132 vetus
944 1067 1078 1151 infligit,
1103 1067 1138 1131 in
1162 1074 1275 1134 status
1299 1073 1408 1136 nostri

250 1161 448 1245 periculum,
503 1161 720 1243 aliquatenus
774 1159 997 1235 incurramus,
1052 1160 1150 1223 vobis
1201 1162 1408 1228 mandamus

248 1253 413 1336 quatinus
431 1251 557 1327 citatis,
576 1271 635 1315 seu
652 1251 751 1315 citari
769 1251 913 1327 faciatis,
933 1251 1171 1335 peremptorie,
1190 1254 1407 1319 ecclesiarum

249 1344 359 1409 dictos
389 1350 546 1419 rectores,
576 1343 670 1427 quod
699 1349 921 1427 compareant
950 1363 1065 1406 coram
1096 1344 1194 1407 nobis
1224 1345 1296 1422 tali,
1328 1353 1405 1423 etc,

249 1457 338 1513 suas,
372 1436 400 1500 si
431 1456 518 1519 quas
550 1435 691 1511 habent,
725 1434 999 1518 dispensaciones
1031 1455 1132 1517 super
1164 1436 1406 1502 beneficiorum

248 1527 446 1612 pluralitate
460 1547 527 1611 que
542 1527 701 1609 optinent
716 1526 902 1590 exhibituri
918 1548 924 1599 ;
955 1526 1080 1590 facturi
1094 1533 1129 1591 et
1144 1529 1323 1611 recepturi,
1340 1537 1404 1594 etc.

248 1618 302 1683 Ad
320 1620 393 1696 hec,
413 1619 499 1683 tales
518 1618 735 1683 ecclesiarum
754 1617 864 1682 dictos
883 1624 1029 1681 rectores
1048 1617 1161 1682 citetis
1179 1622 1406 1704 peremptorie

247 1711 341 1796 quod
373 1717 595 1794 compareant
622 1729 737 1774 coram
770 1709 879 1786 nobiS,
905 1709 959 1772 vel
995 1709 1234 1774 commissariis
1268 1713 1404 1789 nostris,

248 1803 409 1886 predictis
433 1802 487 1866 die
507 1809 541 1866 et
561 1802 646 1878 loco,
668 1801 791 1886 singuli
811 1821 928 1865 eorum
948 1801 1081 1885 singula
1100 1822 1162 1865 sua
1181 1803 1269 1885 jura,
1291 1804 1318 1867 si
1338 1825 1405 1888 que

247 1895 410 1971 habeant,
435 1914 537 1978 super
561 1893 725 1958 canonica
763 1893 955 1957 retencione
993 1892 1234 1958 beneficiorum
1273 1895 1406 1960 ecclesi-

248 1987 433 2051 asticorum
477 2005 626 2069 quorum
675 1985 877 2068 possessioni
925 1985 1140 2061 incumbunt,
1188 1992 1227 2050 ut
1269 1986 1404 2064 dicitur,

247 2078 454 2154 exhibituri;
480 2077 615 2153 facturi,
640 2084 675 2141 et
699 2076 868 2159 recepturi
891 2076 1034 2140 ulterius
1053 2076 1157 2160 quod,
1181 2084 1245 2142 etc.
1293 2079 1404 2156 Diem,

248 2190 340 2247 vero,
367 2169 543 2234 citacionis
569 2170 671 2245 lacte,
701 2169 858 2244 formam,
879 2175 913 2232 et
943 2167 1107 2252 quicquid
1136 2168 1214 2232 inde
1245 2171 1404 2248 feceritis,

247 2262 356 2339 nobis,
377 2268 441 2326 etc.

84 2369 223 2431 napea>
292 2371 365 2437 317.
414 2353 492 2418 Kal.
522 2352 615 2436 Sept.
647 2351 753 2436 (Sept.
797 2371 826 2428 1,
869 2351 977 2429 1280).
1035 2351 1139 2434 Apud
1167 2351 1402 2418 Beverlacum.

83 2421 220 2521 grimm
247 2445 313 2522 W,
344 2452 421 2522 etc,
452 2445 555 2528 priori
584 2451 618 2508 et
649 2444 834 2508 conventui
864 2443 906 2507 de
936 2442 1202 2527 Bridelingtone‚
1233 2445 1306 2522 sal,
1338 2454 1402 2511 etc.

84 2533 229 2661 ἓῗῗῧξῆζω
247 2537 501 2621 Conspicientes
518 2543 657 2601 tenuem
676 2542 710 2599 et
728 2535 850 2599 exilem
868 2541 1000 2599 statum
1017 2536 1216 2599 monasterii
1233 2537 1349 2614 vestri,
1369 2545 1403 2602 et

84 2633 194 2712 ’ζώω
212 2629 457 2713 „artacionem
504 2628 609 2692 vestri
645 2626 835 2691 dormitorii
870 2633 904 2691 et
940 2627 1084 2691 aliorum
1119 2628 1255 2691 ecclesie
1290 2636 1402 2693 vestre

83 2721 197 2813 2323320
248 2721 539 2805 receptaculorum
561 2719 689 2803 pariter
710 2718 949 2803 ponderantes,
973 2718 1071 2783 vobis
1092 2719 1298 2784 mandamus
1319 2741 1403 2804 qua-

82 2823 176 2913 *mia
247 2813 340 2878 tinus
359 2813 446 2877 citra
465 2812 658 2896 proximam
678 2811 914 2875 visitacionem
934 2817 1117 2874 venturam
1137 2831 1346 2894 quemquam
1367 2813 1402 2876 in

83 2884 233 2974 affirm
246 2905 448 2969 canonicum
481 2904 536 2967 vel
568 2922 771 2968 conversum
803 2902 897 2966 nullo
930 2901 1033 2965 modo
1066 2902 1237 2985 recipiatis
1271 2904 1402 2987 absque

82 2973 194 3014 ‘mm'
245 3003 364 3061 nostra
388 2996 529 3061 licencia
554 2995 701 3079 speciali.
749 2994 998 3070 ConcessioneS,
1026 2994 1144 3070 eciam,
1172 2995 1401 3059 corrediorum

82 3124 119 3163 1²0.
139 3126 171 3164 19,
245 3088 384 3152 omnino
424 3087 560 3152 interim
604 3087 833 3171 prohibemus.
882 3085 1102 3169 Precipimus,
1131 3086 1279 3169 insuper,
1308 3088 1402 3170 quod

245 3180 491 3245 concanonicos
513 3184 655 3255 vestros
679 3178 828 3243 exterius
849 3184 1023 3242 morantes
1040 3177 1075 3241 in
1089 3177 1260 3254 maneriis,
1282 3179 1402 3242 statim

244 3272 355 3337 modis
373 3271 532 3337 omnibus
550 3271 727 3347 revocetis,
745 3270 810 3334 nisi
828 3269 1030 3334 fidelitatem
1049 3275 1083 3333 et
1102 3269 1296 3334 absenciam
1315 3270 1401 3334 adeo

245 3364 342 3428 vobis
383 3364 542 3427 omnibus
583 3382 701 3427 omnes
742 3362 950 3426 unanimiter
991 3361 1214 3425 necessariam
1256 3362 1401 3445 alicujus

244 3455 493 3540 perspexeritis,
522 3454 616 3538 quod
644 3454 718 3537 ejus
746 3453 919 3539 elongacio
940 3453 1033 3536 apud
1061 3453 1248 3516 Dominum
1276 3459 1311 3517 et
1339 3473 1401 3518 nos

127 3627 131 3636 Ι
245 3547 367 3612 merito
385 3546 509 3611 debeat
527 3546 691 3611 excusari.

80 3627 231 3717 22⁰3an
288 3639 362 3720 318.
410 3637 541 3703 Eodem
562 3638 625 3702 die.
660 3636 726 3714 W,
746 3644 823 3713 etc.,
843 3637 946 3721 priori
965 3643 1000 3701 et
1019 3636 1204 3700 conventui
1223 3635 1265 3700 de
1285 3635 1401 3700 Bride-

79 3727 406 3818 {fufflgftolingtone
427 3731 500 3807 sal,
521 3737 585 3795 etc.
633 3729 721 3813 Quia
742 3749 804 3793 vos
824 3729 956 3793 desides
976 3735 1010 3792 et
1031 3729 1188 3792 remissos
1208 3728 1401 3793 invenimus

79 3827 175 3878 ssm-
243 3823 332 3888 circa
375 3823 667 3907 presentacionem
710 3821 809 3885 nobis
853 3819 1046 3885 taciendam
1089 3820 1135 3884 ad
1177 3819 1399 3884 medietatem

244 3915 380 3980 ecclesie
396 3913 438 3978 de
454 3914 610 3998 Twenge,
627 3920 810 3978 vacantem
827 3919 862 3977 et
878 3912 923 3976 ad
939 3912 1231 3996 presentacionem
1248 3918 1399 3976 vestram

242 4007 372 4091 liquido
396 4006 636 4089 pertinentem,
661 4005 804 4069 eandem
828 4003 1061 4080 medietatem,
1085 4009 1208 4088 utpote
1232 4003 1276 4068 ad
1300 4004 1400 4068 colla-

242 4099 374 4164 cionem
412 4104 566 4162 nostram
603 4097 810 4162 auctoritate
848 4096 988 4161 Concilii
1025 4094 1236 4172 devolutam,
1275 4095 1400 4160 dilecto

242 4191 362 4256 clerico
392 4196 520 4266 nostr0,
552 4189 704 4271 Johanni
734 4189 775 4252 de
807 4188 1014 4264 Bokelande,
1046 4187 1207 4252 duximus
1237 4187 1400 4252 canonice

242 4281 506 4354 conferendam;
540 4281 694 4345 nolentes
711 4301 771 4364 per
787 4280 863 4356 hoc,
881 4300 959 4344 curn
977 4279 1061 4344 alias
1077 4278 1266 4355 vacaverit,
1284 4285 1400 4343 vestro

242 4374 449 4440 monasterio
489 4373 714 4457 prejudicium
753 4371 931 4456 quodlibet
971 4371 1132 4455 generari.
1181 4371 1250 4434 Dat
1302 4369 1400 4456 apud

243 4466 465 4531 Beverlacum
485 4471 524 4530 ut
544 4484 657 4550 supra.
