2994 4996
270 457 328 518 180
376 473 443 517 THE
465 473 627 518 REGISTER
648 473 691 516 OF
712 473 923 517 ARCHBISHOP
943 472 1092 517 wimari
1113 473 1318 517 WICKWANE.

87 591 218 726 lma.
270 626 391 691 intime
411 632 446 690 et
465 647 508 689 ex
527 625 639 702 corde,
679 631 719 689 ut
738 625 883 709 quilibet
902 625 1082 689 benivolus
1114 646 1258 690 manum
1279 627 1437 711 applicet

272 718 487 801 adjutricem.
535 717 693 781 Ceterum
736 738 805 782 non
848 718 1016 781 inmemor
1058 716 1142 782 dicti
1184 718 1294 783 vestri
1337 720 1437 805 quod

109 788 155 827 Has
164 785 241 835 helped
358 810 363 820 ·
607 810 613 820 ·
927 809 933 820 ·
981 809 987 820 ·
1160 809 1166 821 ·
1372 812 1380 824 .

108 837 259 885 sauapouo,
273 810 451 873 dominum
471 809 728 892 Neapohonem,
749 816 871 892 utpote
890 816 1007 892 stupis
1025 809 1213 873 masculme
1232 812 1437 878 memoriale

109 888 206 976 {iffi
273 902 493 986 magnificum
527 908 562 965 et
596 901 706 965 tocius
750 901 924 984 parentele
966 901 1192 985 predilectum
1237 902 1435 983 flosculum,

109 988 242 1087 ffifq,
274 994 394 1057 intime
423 993 573 1076 diligitis,
603 993 781 1076 negocium
810 993 915 1075 ipsius
944 1013 1024 1076 erga
1051 993 1244 1077 capitulum
1271 1002 1437 1062 nostrum

110 1087 232 1176 qhgrquf
274 1086 489 1149 Eboracense
509 1084 573 1148 feci
593 1084 724 1148 utiliter
743 1083 932 1168 adimpleri,
953 1092 999 1162 et,
1021 1092 1183 1169 pretextu
1202 1087 1381 1152 commodi
1401 1095 1437 1155 et

274 1177 423 1253 honoris,
436 1176 661 1260 prebendaml
674 1197 784 1252 suam,
796 1197 863 1260 que
876 1176 1041 1254 totaliter,
1054 1177 1109 1241 vel
1120 1177 1201 1256 fere,
1214 1178 1250 1242 in
1260 1179 1438 1246 laboriosa

275 1268 483 1353 agricultura
519 1268 675 1332 consistit
720 1273 755 1331 et
791 1269 880 1332 inter
915 1268 1087 1333 silvestres
1122 1277 1158 1333 et
1193 1271 1438 1356 voluptuarios

276 1361 450 1424 ministros
479 1366 513 1424 et
542 1360 686 1424 ballivos
715 1361 825 1443 patrie
854 1360 1051 1438 collocatur,
1081 1360 1126 1425 ad
1155 1362 1342 1428 triennium
1373 1385 1438 1450 pro

277 1471 297 1516 c
314 1453 448 1528 marcis,
466 1452 576 1515 eidem
598 1452 738 1536 singulis
755 1453 853 1516 annis
870 1451 1052 1529 solvendis
1070 1452 1116 1517 ad
1132 1453 1268 1518 firmam
1285 1456 1375 1541 cepi,
1394 1457 1437 1522 de

277 1545 414 1628 proprio
440 1544 632 1620 commodo,
659 1544 757 1607 novit
784 1543 1022 1627 Omnipotens
1049 1565 1119 1608 non
1144 1546 1321 1626 curando;
1375 1549 1438 1614 sed

277 1637 312 1699 in
333 1637 398 1700 hoc
419 1636 595 1720 gratitudo
626 1656 681 1698 me
714 1636 840 1720 dirigit,
862 1636 979 1712 allicit,
1001 1644 1036 1701 et
1057 1637 1226 1715 accendit,
1248 1659 1292 1702 ne
1313 1639 1349 1703 in
1372 1661 1438 1706 sua

277 1729 444 1805 novitate,
471 1734 639 1812 tanquam
664 1728 857 1811 desperans
879 1727 1070 1792 afficeretur
1088 1729 1182 1794 tedio
1205 1731 1262 1794 vel
1284 1731 1437 1816 jactura.

278 1819 463 1885 Conservet
491 1826 643 1884 vestram
672 1820 945 1884 dominacionem
973 1819 1111 1885 ecclesie
1139 1841 1199 1885 sue
1227 1830 1346 1888 sancte
1376 1845 1440 1910 per

278 1920 435 1996 tempora
448 1912 611 1995 longiora.

114 2069 255 2158 {ffss‘ffoefgssm
322 2056 403 2119 Dat.
432 2061 472 2118 ut
499 2074 612 2136 supra,
660 2053 863 2117 Reverendo
889 2053 924 2116 in
951 2053 1086 2118 Christo
1112 2056 1205 2138 patri
1231 2062 1267 2122 et
1294 2057 1439 2124 domino

115 2169 244 2208 romana
278 2146 475 2222 confidenti,
486 2146 626 2210 domino
637 2146 787 2222 Matheo,
798 2146 863 2208 Dei
873 2147 986 2229 gracia
996 2145 1122 2211 Sancte
1132 2146 1440 2217 MarieinPorticu

114 2219 255 2327 illfffisslm
278 2239 422 2303 diacono
434 2238 609 2313 cardinali,
623 2258 704 2301 suus
717 2237 958 2301 devotissimus
971 2239 1126 2303 servulus
1137 2246 1173 2304 et
1185 2241 1355 2320 sacerdos
1370 2243 1439 2322 W„

113 2319 204 2367 ⁵¹¹¹'¹‘⁰¹‘
277 2331 498 2414 permissione
519 2329 685 2413 Ejusdem
705 2330 931 2394 Eboracensis
951 2329 1088 2394 ecclesie
1108 2331 1266 2397 minister
1284 2333 1439 2414 humilis,

275 2421 397 2506 Anglie
412 2423 551 2505 primas,
568 2421 714 2485 salutem
738 2427 773 2485 et
797 2441 875 2485 cum
891 2421 1037 2486 sollicita
1051 2423 1250 2488 oracionum
1265 2425 1442 2494 instancia

277 2515 436 2578 intimam
463 2513 692 2577 reverenciam
718 2519 753 2577 et
778 2514 953 2578 honorem.
1026 2515 1130 2579 Pater
1154 2517 1377 2600 precordialis
1403 2528 1440 2587 et

278 2606 435 2682 amande,
456 2605 585 2688 scripsi,
606 2626 675 2669 non
694 2605 766 2669 sine
786 2606 1016 2669 amaritudine
1035 2613 1071 2670 et
1091 2608 1293 2673 turbacione
1311 2611 1439 2691 cordis,

277 2699 456 2762 karissimo
490 2704 525 2761 et
558 2697 744 2761 confidenti
777 2697 937 2762 benivolo
970 2718 1058 2775 me0,
1094 2699 1234 2764 domino
1267 2701 1438 2784 Jordan0,

277 2797 393 2854 vestro
429 2789 660 2854 concardinali
684 2794 718 2852 et
743 2789 918 2865 confratri,
943 2810 1045 2873 super
1067 2791 1277 2874 quibusdam
1309 2794 1440 2879 impro-

277 2882 378 2966 periis
393 2888 427 2945 et
442 2881 580 2946 offensis
594 2881 708 2957 michi,
733 2881 839 2944 immo
854 2882 928 2945 Deo
943 2887 977 2945 et
992 2890 1208 2948 sacrosancte
1230 2884 1390 2951 Romane
1404 2894 1442 2953 et

277 2974 461 3037 universali
496 2973 644 3049 ecclesie,
675 2993 783 3056 nuper
809 2973 964 3037 luctuose
993 2980 1027 3037 et
1055 2975 1294 3040 miserabiliter
1321 2978 1440 3058 illatis,

277 3072 400 3148 utpote
440 3085 542 3148 super
568 3064 783 3148 bajulacione
810 3065 919 3129 crucis
946 3086 1020 3128 mee
1048 3086 1109 3149 per
1135 3073 1248 3132 totam
1275 3068 1440 3155 Angliam

278 3157 470 3233 deferende,
489 3158 524 3221 in
542 3157 641 3240 cujus
658 3157 879 3239 possessione,
898 3157 953 3220 vel
970 3159 1080 3241 quasi,
1098 3158 1354 3242 predecessores
1370 3164 1441 3229 mei

278 3250 467 3314 extiterant
497 3254 532 3312 et
562 3248 794 3313 Decretalium
824 3249 970 3333 epistola
999 3258 1270 3330 commemorat;
1331 3274 1440 3339 quam

278 3342 537 3426 possessionem,
554 3340 609 3404 vel
624 3340 733 3424 quasi,
751 3341 910 3405 dominus
926 3340 1181 3407 Cantuariensis
1196 3365 1289 3409 nunc
1303 3353 1440 3430 pertur-

114 3441 152 3483 1²0·
162 3443 211 3484 Μ
278 3435 360 3498 bare
380 3435 547 3498 hactenus
567 3453 636 3496 non
656 3433 814 3496 cessavit.
863 3433 959 3496 Idem
980 3454 1062 3497 vero
1083 3434 1242 3500 dominus
1262 3435 1441 3519 Jordanus

277 3527 387 3602 vobis,
409 3526 437 3588 si
457 3525 581 3609 placet,
603 3524 723 3588 eadem
743 3525 944 3608 gravamina
964 3525 1043 3588 vive
1063 3527 1158 3591 vocis
1178 3528 1328 3606 oracu10,
1350 3530 1442 3597 sicut

278 3618 343 3681 sibi
367 3618 532 3701 supplic0,
560 3616 682 3679 referet
707 3616 781 3680 vice
806 3636 893 3680 mea,
941 3617 1041 3680 Unde
1067 3617 1300 3684 dominacioni
1325 3629 1441 3688 vestre

278 3710 443 3793 supplico,
478 3709 513 3772 in
548 3708 734 3771 visceribus
768 3715 802 3772 et
837 3709 1001 3792 sanguine
1036 3707 1236 3788 SalvatoriS,
1271 3714 1441 3796 quatinus

276 3802 455 3886 negocium
478 3800 676 3884 hujusmodi
696 3821 846 3864 unacum
867 3801 941 3883 ipso
961 3802 1152 3883 procuretis
1173 3802 1289 3867 debite
1309 3825 1440 3871 correc-

276 3895 375 3970 cioni‚
406 3894 461 3957 vel
477 3893 600 3956 saltem
616 3892 760 3975 alicujus
788 3893 882 3956 utilis
897 3892 1126 3957 ordinacionis
1141 3894 1280 3959 effectui
1295 3896 1442 3964 feliciter

276 3986 475 4069 mancipari,
506 3986 556 4048 ita
584 3984 678 4067 quod
707 4004 762 4047 me
791 3991 825 4048 et
854 3984 1046 4067 capitulum
1074 4005 1191 4050 meum
1221 3986 1442 4056 Eboracense

275 4079 398 4141 vestris
447 4077 569 4140 exinde
618 4076 842 4159 beneplacitis
891 4077 1080 4141 artissimos
1129 4078 1265 4142 faciatis
1313 4082 1442 4148 merito

276 4171 456 4234 debitores.
504 4168 689 4232 Conservet
715 4189 777 4232 vos
801 4169 937 4231 ecclesie
961 4175 995 4232 et
1019 4169 1149 4252 populo
1174 4191 1236 4234 suo
1259 4170 1356 4238 Deus
1378 4195 1443 4258 per

274 4269 432 4345 tempora
448 4261 611 4345 longiora.

291 4403 369 4453 1The
387 4402 511 4468 prebend
526 4401 555 4449 of
568 4400 657 4448 South
670 4400 744 4448 Cave
756 4400 786 4448 of
804 4399 893 4448 which
910 4399 1038 4448 Cardinal
1052 4401 1193 4465 Neapoleo
1204 4417 1261 4451 was
1274 4409 1423 4467 possessed

457 4470 485 4519 in
502 4468 568 4519 1305
587 4467 732 4529 (Calendar
744 4468 772 4529 os
785 4467 882 4516 Patent
893 4466 968 4516 Rolls
983 4468 1116 4531 (1301-7]‚
1132 4482 1158 4533 p.
1170 4468 1242 4532 377).
