2994 4996
217 580 283 622 THE
307 578 471 624 REGISTER
492 578 534 624 OF
555 578 766 624 ARCHBISHOP
788 577 936 623 WILLIAM
957 575 1159 622 WICKWANE.
1213 575 1273 639 239

113 752 256 816 persone
274 753 382 816 quam
400 733 508 797 eciam
526 752 629 816 super
647 730 817 815 qualitate
835 736 871 796 et
888 729 1088 814 quantitate
1106 728 1273 806 beneficii,

114 844 303 907 proponere
332 824 397 888 tibi
425 824 526 888 liceat
554 823 721 907 quicquid
749 821 1003 887 racionabiliter
1030 821 1169 887 duxeris
1197 841 1275 904 pro-

114 915 324 999 ponendum,
357 936 437 980 eum
468 915 644 1000 ydoneum
675 934 747 980 esse
779 914 944 998 repperit1
978 921 1013 978 et
1045 912 1275 978 ecclesiastico

113 1006 279 1072 beneficio
298 1028 368 1072 non
388 1007 579 1092 indignum,
600 1013 675 1072 tam
695 1006 755 1071 diu
774 1006 805 1070 ei
824 1006 897 1071 vite
917 1005 1108 1071 necessaria
1126 1024 1275 1089 congrue

113 1099 363 1176 subministres,
388 1099 497 1164 donec
519 1119 580 1183 per
603 1106 638 1163 te
661 1103 860 1182 competens
883 1097 1151 1163 ecclesiasticum
1172 1096 1275 1161 bene-

115 1189 232 1255 ficium
259 1191 363 1256 luerit
390 1197 577 1256 assecutus
624 1190 726 1274 Quod
751 1190 780 1255 si
801 1210 892 1267 eum,
909 1189 954 1255 ad
979 1188 1274 1274 presentacionem

116 1283 261 1366 alicujus
297 1283 353 1347 vel
388 1283 582 1366 aliquorum
618 1281 925 1348 ecclesiasticorum
960 1281 1114 1346 virorum
1148 1279 1210 1364 qui
1245 1279 1273 1344 ei

115 1374 296 1458 providere
319 1375 453 1459 possint
477 1375 513 1438 in
528 1374 740 1459 competenti
755 1373 984 1439 ecclesiastico
999 1372 1175 1450 beneficio,
1201 1391 1276 1455 pre·

117 1465 272 1530 decessor
294 1466 366 1550 ipse
390 1472 472 1531 tuus
494 1466 680 1551 promovit,
704 1486 765 1550 per
787 1471 1045 1550 presentantem
1066 1463 1124 1529 vel
1145 1482 1277 1529 succes·

117 1578 229 1622 sorem
244 1558 361 1642 ipsius,
378 1558 406 1623 si
422 1559 511 1623 forte
527 1559 582 1622 ille
598 1557 754 1635 decessit,
770 1558 873 1643 juxta
887 1557 1114 1642 prescriptam
1129 1555 1278 1622 {onnam
1290 1532 1362 1624 11111.εἰ
1375 1531 1424 1583 ⁵⁰⁶²

117 1649 148 1712 ei
164 1650 270 1714 iacias
285 1650 458 1734 provideri
473 1673 481 1728 ;
511 1651 660 1715 sciturus
674 1670 737 1734 pro
753 1656 846 1715 certo
861 1649 967 1734 quod,
983 1649 1013 1714 si
1027 1667 1089 1733 per
1102 1647 1278 1713 examina-

117 1740 251 1805 cionem
271 1742 378 1826 ipsius
400 1742 503 1807 tuerit
524 1749 679 1826 repertus
700 1741 866 1827 ydoneus,
889 1747 924 1807 et
945 1747 987 1806 tu
1006 1740 1038 1804 ei
1057 1740 1161 1826 juxta
1180 1758 1278 1804 man-

117 1832 240 1897 datum
263 1834 492 1918 apostolicum
513 1833 701 1918 neglexeris
723 1833 914 1918 providere,
937 1853 1017 1898 cum
1038 1831 1138 1897 nobis
1160 1829 1196 1896 id
1218 1850 1280 1915 per

118 1925 192 2008 ejus
208 1925 343 1990 litteras
359 1925 560 2003 innotuerit,
578 1933 614 1990 te
631 1925 676 1990 ad
692 1925 728 1990 id
745 1923 985 2010 exequendum
1001 1922 1171 2009 compelli,
1188 1922 1279 1988 sicut

116 2017 268 2100 expedit,
290 2018 465 2083 faciemus.

162 2123 236 2193 590.
284 2128 327 2192 24
358 2110 413 2174 die
444 2109 581 2194 Aprilis,
614 2110 635 2173 8
666 2108 763 2176 Edw.
798 2107 924 2190 (1280).
970 2106 1075 2192 Apud
1106 2105 1278 2172 Bristolle.
1292 2131 1377 2172 man
1386 2129 1410 2171 01

118 2201 320 2278 Edwardus,
354 2209 432 2278 etc,
465 2201 663 2278 venerabili,
697 2206 775 2278 etc,
808 2201 967 2266 salutem.
1014 2199 1101 2265 Cum
1133 2197 1279 2264 dilectus
1290 2191 1436 2272 ffiffl

117 2292 259 2357 clericus
278 2300 405 2370 noster,
426 2293 539 2357 Adam
559 2293 602 2357 de
621 2292 809 2370 Strettone‚
830 2291 995 2377 obsequio
1014 2297 1133 2356 nostro
1151 2289 1280 2376 jugiter
1291 2281 1364 2373 ἢ,
1402 2281 1436 2321 '⁰‘

117 2385 152 2448 in
181 2385 351 2449 scaccario
379 2392 497 2450 nostro
525 2405 586 2469 per
613 2390 815 2470 preceptum
842 2389 1000 2449 nostrum
1027 2381 1199 2459 intendat,
1227 2381 1280 2446 ita
1292 2383 1391 2473 ἕξω
1400 2381 1424 2423 ⁰1

117 2475 212 2559 quod
227 2497 289 2560 pro
305 2477 453 2561 negociis
468 2497 536 2561 que
551 2497 656 2561 penes
671 2496 734 2541 vos
748 2476 856 2541 habet
871 2475 1032 2559 expedire
1047 2494 1165 2540 coram
1179 2472 1279 2538 vobis
1293 2483 1427 2534 Exeheruer·

117 2567 162 2632 ad
187 2588 325 2650 presens
348 2569 573 2652 personaliter
601 2566 761 2633 accedere
785 2587 855 2632 non
878 2573 1006 2652 potest,
1030 2564 1280 2651 paternitatem

118 2667 272 2724 vestram
291 2659 478 2724 affectuose
497 2660 702 2744 requirimus
713 2665 749 2725 et
763 2678 923 2744 rogamus
941 2658 1118 2743 quatinus,
1138 2655 1280 2741 negocia

118 2772 181 2816 sua
207 2751 363 2834 predicta
389 2752 670 2817 recommendata
694 2750 889 2835 specialiter
912 2750 1091 2827 habentes,
1118 2768 1280 2833 procura-

119 2850 211 2908 tores
244 2864 324 2908 suos
358 2843 403 2907 ad
437 2843 670 2909 exaudicionis
703 2843 880 2928 graciam,
900 2847 1017 2907 nostre
1045 2839 1280 2926 requisicionis

118 2935 259 3011 intuitu,
290 2935 527 3000 favorabiliter
555 2935 750 3012 admittere,
781 2940 816 3000 et
845 2934 940 3018 ipsos
968 2933 1005 2997 in
1032 2931 1181 3018 negociis
1210 2930 1281 2996 suis

118 3026 281 3110 predictis
297 3027 413 3091 velitis
430 3048 509 3092 cum
526 3027 641 3112 gracia
656 3026 811 3093 celeriter
826 3024 998 3111 expedire,
1014 3045 1078 3109 pro
1093 3043 1164 3109 quo
1179 3021 1281 3089 vobis

119 3118 228 3182 teneri
245 3119 406 3183 volumus
424 3119 535 3184 arcius
553 3119 599 3183 ad
615 3124 730 3204 grates
746 3117 920 3204 speciales
1013 3121 1017 3129 '

136 3225 237 3294 1591.
287 3228 327 3294 17
351 3210 419 3275 kal.
446 3210 531 3293 Julii
556 3210 661 3293 (June
687 3213 754 3293 15),
782 3208 878 3278 1280.
924 3207 1121 3275 Londoniis.
1168 3206 1396 3278 neve-nme

119 3301 225 3365 rendo
249 3302 285 3365 in
310 3301 445 3368 Christo
470 3302 573 3387 patri,
599 3308 677 3381 etc,
703 3301 887 3381 Giffredus,
912 3300 1097 3368 canonicus
1121 3286 1381 3387 (lamera-¹5⁰&

118 3393 238 3470 censis,
251 3414 384 3459 camere
396 3394 528 3459 domini
539 3415 629 3479 pape
640 3393 792 3473 clericus
805 3393 1002 3479 Apostolice
1013 3391 1110 3459 Sedis
1121 3390 1279 3469 nunciuS,
1292 3386 1401 3488 ffit}

119 3485 277 3563 salutem,
294 3485 536 3564 reverenciam,
552 3492 588 3552 et
602 3487 779 3552 honorem.
825 3486 913 3552 Cum
927 3483 1147 3551 denariorum
1160 3481 1281 3549 Sancti
1292 3467 1424 3579 {3333}

121 3576 225 3654 Petri,
256 3577 477 3642 collectorum
506 3578 542 3642 in
570 3578 729 3663 partibus
758 3576 1033 3643 Eboracensibus
1046 3595 1110 3660 pro
1129 3573 1413 3679 ¹termino[311102331110

118 3667 237 3732 Sancti
270 3669 455 3747 Michaelis,
477 3669 559 3735 anni
587 3669 728 3734 Domini
748 3665 1039 3746 Mmlccfflltxxmlffl,
1059 3665 1215 3733 nondum
1235 3664 1281 3731 sit
1382 3666 1388 3678 '

119 3761 223 3825 michi
259 3782 321 3845 pro
360 3762 519 3826 Romana
555 3761 707 3840 ecclesia,
743 3760 824 3826 licet
860 3758 1148 3845 requisiverimuS,
1185 3757 1281 3823 facta

119 3852 258 3930 solucio,
293 3853 542 3936 paternitatem
574 3859 728 3919 vestram
760 3851 970 3918 auctoritate
993 3849 1202 3937 apostolica,
1237 3846 1281 3914 de

118 3964 188 4026 qua
218 3944 318 4008 vobis
347 3951 496 4022 constat,
528 3945 664 4030 requiro
693 3951 729 4010 et
759 3963 884 4010 moneo
912 3943 1079 4029 quatinus
1107 3939 1281 4026 predictos

119 4035 275 4099 denarios
299 4037 403 4100 michi
425 4036 563 4101 nomine
587 4037 744 4102 Romane
766 4035 915 4117 eoclesie,
937 4034 967 4101 si
988 4033 1088 4101 vobis
1110 4030 1281 4099 incumbit

119 4127 271 4210 ipsorum
294 4128 433 4207 soluci0,
457 4129 548 4194 infra
570 4130 698 4195 festum
720 4126 979 4213 Assumpcionis
1000 4126 1110 4192 Beate
1131 4122 1282 4209 Virginis
1372 4178 1378 4189 ,

120 4218 219 4302 (Aug.
254 4224 321 4299 15),
353 4220 447 4304 apud
478 4221 618 4287 Novum
649 4220 831 4305 Templum
861 4217 1031 4297 London,
1051 4214 1282 4304 peremptorie

118 4311 333 4392 persolvatis.
382 4311 418 4376 Si
443 4319 561 4377 autern
586 4313 686 4378 vobis
709 4333 780 4378 non
804 4309 985 4389 incumbit,
1011 4316 1065 4377 set
1090 4308 1222 4376 decano
1246 4312 1283 4372 et

119 4403 283 4484 capitu10,
309 4409 371 4468 aut
397 4403 645 4471 archidiaconis
669 4404 819 4482 ecclesie,
844 4401 1028 4488 requiratis
1051 4408 1088 4468 et
1110 4398 1283 4466 moneatis

119 4513 176 4557 eos
209 4495 335 4578 quibus
367 4496 549 4573 incumbit,
582 4503 623 4562 ut
655 4496 767 4563 dictos
799 4494 957 4561 denarios
988 4492 1093 4560 michi
1124 4490 1283 4579 predicto

531 4610 703 4676 1Repeperit.
740 4610 790 4661 Fo.
808 4610 867 4661 123.
