<?xml version="1.0" encoding="UTF-8"?>
<!DOCTYPE html PUBLIC "-//W3C//DTD XHTML 1.0 Transitional//EN"
    "http://www.w3.org/TR/xhtml1/DTD/xhtml1-transitional.dtd">
<html xmlns="http://www.w3.org/1999/xhtml" xml:lang="en" lang="en">
 <head>
  <title>
</title>
<meta http-equiv="Content-Type" content="text/html;charset=utf-8" />
  <meta name='ocr-system' content='tesseract 3.04.00' />
  <meta name='ocr-capabilities' content='ocr_page ocr_carea ocr_par ocr_line ocrx_word'/>
</head>
<body>
  <div class='ocr_page' id='page_1' title='image "./registerwilliam00wickgoog_0338.png"; bbox 0 0 823 1331; ppageno 0'>
   <div class='ocr_carea' id='block_1_1' title="bbox 176 154 699 171">
    <p class='ocr_par' dir='ltr' id='par_1_1' title="bbox 176 154 699 171">
     <span class='ocr_line' id='line_1_1' title="bbox 176 154 699 171; baseline 0.004 -6"><span class='ocrx_word' id='word_1_1' title='bbox 176 154 209 166; x_wconf 78' lang='grc' dir='ltr'><strong>τι-ιΕ</strong></span> <span class='ocrx_word' id='word_1_2' title='bbox 220 154 302 167; x_wconf 69' lang='lat' dir='ltr'>REGISTER</span> <span class='ocrx_word' id='word_1_3' title='bbox 313 156 333 167; x_wconf 70' lang='lat' dir='ltr'>or</span> <span class='ocrx_word' id='word_1_4' title='bbox 345 156 449 167; x_wconf 68' lang='lat' dir='ltr'>ARCHEiSi-iop</span> <span class='ocrx_word' id='word_1_5' title='bbox 460 156 533 167; x_wconf 77' lang='lat' dir='ltr'>WlLLlAM</span> <span class='ocrx_word' id='word_1_6' title='bbox 545 156 645 167; x_wconf 71' lang='lat' dir='ltr'>chKWANE.</span> <span class='ocrx_word' id='word_1_7' title='bbox 670 154 699 171; x_wconf 83' lang='lat'>251</span> 
     </span>
    </p>
   </div>
   <div class='ocr_carea' id='block_1_2' title="bbox 121 192 777 765">
    <p class='ocr_par' dir='ltr' id='par_1_2' title="bbox 121 192 777 765">
     <span class='ocr_line' id='line_1_2' title="bbox 122 192 700 213; baseline 0.003 -5"><span class='ocrx_word' id='word_1_8' title='bbox 122 192 159 212; x_wconf 91' lang='lat' dir='ltr'>bus,</span> <span class='ocrx_word' id='word_1_9' title='bbox 168 193 241 213; x_wconf 84' lang='lat' dir='ltr'>prestita</span> <span class='ocrx_word' id='word_1_10' title='bbox 249 193 299 210; x_wconf 78' lang='lat' dir='ltr'>nobis</span> <span class='ocrx_word' id='word_1_11' title='bbox 307 194 397 210; x_wconf 82' lang='lat' dir='ltr'>sufficienti</span> <span class='ocrx_word' id='word_1_12' title='bbox 405 194 497 210; x_wconf 72' lang='lat' dir='ltr'>securitate</span> <span class='ocrx_word' id='word_1_13' title='bbox 505 194 527 210; x_wconf 89' lang='lat' dir='ltr'>ab</span> <span class='ocrx_word' id='word_1_14' title='bbox 536 194 600 210; x_wconf 86' lang='lat' dir='ltr'>eisdem</span> <span class='ocrx_word' id='word_1_15' title='bbox 608 194 629 210; x_wconf 90' lang='lat' dir='ltr'>de</span> <span class='ocrx_word' id='word_1_16' title='bbox 637 194 700 210; x_wconf 84' lang='lat' dir='ltr'>debitis</span> 
     </span>
     <span class='ocr_line' id='line_1_3' title="bbox 122 215 700 238; baseline 0.003 -7"><span class='ocrx_word' id='word_1_17' title='bbox 122 215 154 231; x_wconf 90' lang='lat' dir='ltr'>illis</span> <span class='ocrx_word' id='word_1_18' title='bbox 171 216 220 232; x_wconf 71' lang='lat' dir='ltr'>nobis</span> <span class='ocrx_word' id='word_1_19' title='bbox 237 216 333 236; x_wconf 81' lang='lat' dir='ltr'>reddendis,</span> <span class='ocrx_word' id='word_1_20' title='bbox 351 217 418 233; x_wconf 87' lang='lat' dir='ltr'>restitui</span> <span class='ocrx_word' id='word_1_21' title='bbox 434 217 529 236; x_wconf 79' lang='lat' dir='ltr'>tecerimus,</span> <span class='ocrx_word' id='word_1_22' title='bbox 547 218 564 233; x_wconf 91' lang='lat' dir='ltr'>et</span> <span class='ocrx_word' id='word_1_23' title='bbox 581 222 611 238; x_wconf 89' lang='lat' dir='ltr'>per</span> <span class='ocrx_word' id='word_1_24' title='bbox 628 217 700 233; x_wconf 85' lang='lat' dir='ltr'>eandem</span> 
     </span>
     <span class='ocr_line' id='line_1_4' title="bbox 122 238 700 256; baseline 0.003 -2"><span class='ocrx_word' id='word_1_25' title='bbox 122 238 232 255; x_wconf 77' lang='lat' dir='ltr'>securitatem</span> <span class='ocrx_word' id='word_1_26' title='bbox 240 240 334 256; x_wconf 79' lang='lat' dir='ltr'>seeundum</span> <span class='ocrx_word' id='word_1_27' title='bbox 343 240 484 256; x_wconf 82' lang='lat' dir='ltr'>consuetudinem</span> <span class='ocrx_word' id='word_1_28' title='bbox 492 240 537 256; x_wconf 87' lang='lat' dir='ltr'>curie</span> <span class='ocrx_word' id='word_1_29' title='bbox 549 242 607 256; x_wconf 87' lang='lat' dir='ltr'>nostre</span> <span class='ocrx_word' id='word_1_30' title='bbox 619 240 639 256; x_wconf 89' lang='lat' dir='ltr'>de</span> <span class='ocrx_word' id='word_1_31' title='bbox 651 240 700 256; x_wconf 79' lang='lat' dir='ltr'>bonis</span> 
     </span>
     <span class='ocr_line' id='line_1_5' title="bbox 122 261 700 282; baseline 0.003 -5"><span class='ocrx_word' id='word_1_32' title='bbox 122 261 203 282; x_wconf 78' lang='lat' dir='ltr'>predictis</span> <span class='ocrx_word' id='word_1_33' title='bbox 215 262 286 278; x_wconf 81' lang='lat' dir='ltr'>liberam</span> <span class='ocrx_word' id='word_1_34' title='bbox 300 263 467 279; x_wconf 84' lang='lat' dir='ltr'>administracionem</span> <span class='ocrx_word' id='word_1_35' title='bbox 480 263 502 279; x_wconf 85' lang='lat' dir='ltr'>ad</span> <span class='ocrx_word' id='word_1_36' title='bbox 515 263 634 279; x_wconf 84' lang='lat' dir='ltr'>execucionem</span> <span class='ocrx_word' id='word_1_37' title='bbox 647 264 700 279; x_wconf 92' lang='lat' dir='ltr'>testa-</span> 
     </span>
     <span class='ocr_line' id='line_1_6' title="bbox 122 284 700 305; baseline 0.003 -5"><span class='ocrx_word' id='word_1_38' title='bbox 122 284 176 301; x_wconf 81' lang='lat' dir='ltr'>menti</span> <span class='ocrx_word' id='word_1_39' title='bbox 187 285 259 305; x_wconf 81' lang='lat' dir='ltr'>predicti</span> <span class='ocrx_word' id='word_1_40' title='bbox 270 285 309 302; x_wconf 82' lang='lat' dir='ltr'>inde</span> <span class='ocrx_word' id='word_1_41' title='bbox 321 286 417 303; x_wconf 76' lang='lat' dir='ltr'>taciendam</span> <span class='ocrx_word' id='word_1_42' title='bbox 427 286 491 302; x_wconf 85' lang='lat' dir='ltr'>eisdem</span> <span class='ocrx_word' id='word_1_43' title='bbox 502 286 622 302; x_wconf 78' lang='lat' dir='ltr'>executoribus</span> <span class='ocrx_word' id='word_1_44' title='bbox 632 291 700 302; x_wconf 84' lang='lat' dir='ltr'>conces-</span> 
     </span>
     <span class='ocr_line' id='line_1_7' title="bbox 121 307 700 328; baseline 0.003 -5"><span class='ocrx_word' id='word_1_45' title='bbox 121 307 204 327; x_wconf 83' lang='lat' dir='ltr'>serimus;</span> <span class='ocrx_word' id='word_1_46' title='bbox 239 313 276 327; x_wconf 74' lang='lat' dir='ltr'>VOS,</span> <span class='ocrx_word' id='word_1_47' title='bbox 295 309 419 328; x_wconf 66' lang='lat' dir='ltr'>nichilominus,</span> <span class='ocrx_word' id='word_1_48' title='bbox 438 309 460 325; x_wconf 88' lang='lat' dir='ltr'>ad</span> <span class='ocrx_word' id='word_1_49' title='bbox 478 309 580 325; x_wconf 86' lang='lat' dir='ltr'>mandatum</span> <span class='ocrx_word' id='word_1_50' title='bbox 598 309 700 325; x_wconf 85' lang='lat' dir='ltr'>venerabilis</span> 
     </span>
     <span class='ocr_line' id='line_1_8' title="bbox 122 330 699 353; baseline 0.003 -7"><span class='ocrx_word' id='word_1_51' title='bbox 122 330 181 351; x_wconf 81' lang='lat' dir='ltr'>patris,</span> <span class='ocrx_word' id='word_1_52' title='bbox 189 330 212 352; x_wconf 31' lang='lat' dir='ltr'>Ji,</span> <span class='ocrx_word' id='word_1_53' title='bbox 221 331 344 352; x_wconf 77' lang='lat' dir='ltr'>Dublynensis¹</span> <span class='ocrx_word' id='word_1_54' title='bbox 353 332 480 353; x_wconf 87' lang='lat' dir='ltr'>archiepiscopi,</span> <span class='ocrx_word' id='word_1_55' title='bbox 489 334 506 348; x_wconf 90' lang='lat' dir='ltr'>et</span> <span class='ocrx_word' id='word_1_56' title='bbox 513 332 591 353; x_wconf 77' lang='lat' dir='ltr'>magistri</span> <span class='ocrx_word' id='word_1_57' title='bbox 598 332 699 351; x_wconf 78' lang='lat' dir='ltr'>Ardicionis,</span> 
     </span>
     <span class='ocr_line' id='line_1_9' title="bbox 122 353 700 374; baseline 0.003 -5"><span class='ocrx_word' id='word_1_58' title='bbox 122 353 232 370; x_wconf 85' lang='lat' dir='ltr'>collectorum</span> <span class='ocrx_word' id='word_1_59' title='bbox 249 354 320 374; x_wconf 83' lang='lat' dir='ltr'>decime,</span> <span class='ocrx_word' id='word_1_60' title='bbox 338 355 404 371; x_wconf 86' lang='lat' dir='ltr'>dudum</span> <span class='ocrx_word' id='word_1_61' title='bbox 422 355 439 371; x_wconf 93' lang='lat' dir='ltr'>in</span> <span class='ocrx_word' id='word_1_62' title='bbox 457 355 552 371; x_wconf 86' lang='lat' dir='ltr'>subsidium</span> <span class='ocrx_word' id='word_1_63' title='bbox 570 355 620 371; x_wconf 87' lang='lat' dir='ltr'>Terre</span> <span class='ocrx_word' id='word_1_64' title='bbox 637 355 700 371; x_wconf 82' lang='lat' dir='ltr'>Sancte</span> 
     </span>
     <span class='ocr_line' id='line_1_10' title="bbox 122 377 699 399; baseline 0.002 -6"><span class='ocrx_word' id='word_1_65' title='bbox 122 377 213 398; x_wconf 76' lang='lat' dir='ltr'>assignate,</span> <span class='ocrx_word' id='word_1_66' title='bbox 232 377 278 393; x_wconf 79' lang='lat' dir='ltr'>bona</span> <span class='ocrx_word' id='word_1_67' title='bbox 296 378 373 399; x_wconf 89' lang='lat' dir='ltr'>predicta</span> <span class='ocrx_word' id='word_1_68' title='bbox 391 378 423 394; x_wconf 92' lang='lat' dir='ltr'>sub</span> <span class='ocrx_word' id='word_1_69' title='bbox 441 380 529 399; x_wconf 86' lang='lat' dir='ltr'>sequestro</span> <span class='ocrx_word' id='word_1_70' title='bbox 547 378 604 394; x_wconf 79' lang='lat' dir='ltr'>tacitis</span> <span class='ocrx_word' id='word_1_71' title='bbox 622 378 699 397; x_wconf 77' lang='lat' dir='ltr'>detineri,</span> 
     </span>
     <span class='ocr_line' id='line_1_11' title="bbox 121 400 700 422; baseline 0.002 -6"><span class='ocrx_word' id='word_1_72' title='bbox 121 400 213 420; x_wconf 87' lang='lat' dir='ltr'>quominus</span> <span class='ocrx_word' id='word_1_73' title='bbox 220 400 262 416; x_wconf 86' lang='lat' dir='ltr'>dicti</span> <span class='ocrx_word' id='word_1_74' title='bbox 269 403 368 417; x_wconf 68' lang='lat' dir='ltr'>executores</span> <span class='ocrx_word' id='word_1_75' title='bbox 375 401 395 417; x_wconf 91' lang='lat' dir='ltr'>de</span> <span class='ocrx_word' id='word_1_76' title='bbox 401 401 450 417; x_wconf 90' lang='lat' dir='ltr'>bonis</span> <span class='ocrx_word' id='word_1_77' title='bbox 456 401 488 417; x_wconf 81' lang='lat' dir='ltr'>illis</span> <span class='ocrx_word' id='word_1_78' title='bbox 495 401 573 422; x_wconf 87' lang='lat' dir='ltr'>predicta</span> <span class='ocrx_word' id='word_1_79' title='bbox 577 401 637 417; x_wconf 84' lang='lat' dir='ltr'>debita</span> <span class='ocrx_word' id='word_1_80' title='bbox 641 402 700 417; x_wconf 90' lang='lat' dir='ltr'>nostra</span> 
     </span>
     <span class='ocr_line' id='line_1_12' title="bbox 122 422 700 444; baseline 0.003 -6"><span class='ocrx_word' id='word_1_81' title='bbox 122 422 184 442; x_wconf 79' lang='lat' dir='ltr'>levare,</span> <span class='ocrx_word' id='word_1_82' title='bbox 192 424 209 439; x_wconf 83' lang='lat' dir='ltr'>et</span> <span class='ocrx_word' id='word_1_83' title='bbox 217 423 266 439; x_wconf 83' lang='lat' dir='ltr'>nobis</span> <span class='ocrx_word' id='word_1_84' title='bbox 273 423 312 440; x_wconf 77' lang='lat' dir='ltr'>inde</span> <span class='ocrx_word' id='word_1_85' title='bbox 320 424 423 444; x_wconf 73' lang='lat' dir='ltr'>satisiarere,</span> <span class='ocrx_word' id='word_1_86' title='bbox 431 430 451 440; x_wconf 88' lang='lat' dir='ltr'>ac</span> <span class='ocrx_word' id='word_1_87' title='bbox 458 424 567 440; x_wconf 84' lang='lat' dir='ltr'>voluntatem</span> <span class='ocrx_word' id='word_1_88' title='bbox 574 424 616 440; x_wconf 82' lang='lat' dir='ltr'>dieti</span> <span class='ocrx_word' id='word_1_89' title='bbox 623 424 700 440; x_wconf 79' lang='lat' dir='ltr'>defuncti</span> 
     </span>
     <span class='ocr_line' id='line_1_13' title="bbox 122 446 700 468; baseline 0.003 -7"><span class='ocrx_word' id='word_1_90' title='bbox 122 446 215 467; x_wconf 74' lang='lat' dir='ltr'>adimplere</span> <span class='ocrx_word' id='word_1_91' title='bbox 226 446 298 467; x_wconf 77' lang='lat' dir='ltr'>possint,</span> <span class='ocrx_word' id='word_1_92' title='bbox 310 447 354 463; x_wconf 90' lang='lat' dir='ltr'>sicut</span> <span class='ocrx_word' id='word_1_93' title='bbox 366 447 434 463; x_wconf 84' lang='lat' dir='ltr'>debent.</span> <span class='ocrx_word' id='word_1_94' title='bbox 448 447 472 463; x_wconf 89' lang='lat' dir='ltr'>Et</span> <span class='ocrx_word' id='word_1_95' title='bbox 483 447 529 468; x_wconf 83' lang='lat' dir='ltr'>quia,</span> <span class='ocrx_word' id='word_1_96' title='bbox 540 447 635 463; x_wconf 87' lang='lat' dir='ltr'>secundum</span> <span class='ocrx_word' id='word_1_97' title='bbox 646 447 700 468; x_wconf 83' lang='lat' dir='ltr'>digni-</span> 
     </span>
     <span class='ocr_line' id='line_1_14' title="bbox 122 470 700 491; baseline 0.003 -7"><span class='ocrx_word' id='word_1_98' title='bbox 122 470 177 485; x_wconf 80' lang='lat' dir='ltr'>tatem</span> <span class='ocrx_word' id='word_1_99' title='bbox 192 471 275 488; x_wconf 85' lang='lat' dir='ltr'>nostram,</span> <span class='ocrx_word' id='word_1_100' title='bbox 291 471 309 486; x_wconf 90' lang='lat' dir='ltr'>in</span> <span class='ocrx_word' id='word_1_101' title='bbox 325 470 411 486; x_wconf 72' lang='lat' dir='ltr'>solucione</span> <span class='ocrx_word' id='word_1_102' title='bbox 426 470 524 486; x_wconf 83' lang='lat' dir='ltr'>debitorum</span> <span class='ocrx_word' id='word_1_103' title='bbox 539 475 573 491; x_wconf 90' lang='lat' dir='ltr'>que</span> <span class='ocrx_word' id='word_1_104' title='bbox 588 475 599 486; x_wconf 80' lang='lat' dir='ltr'>a</span> <span class='ocrx_word' id='word_1_105' title='bbox 614 470 700 486; x_wconf 61' lang='lat' dir='ltr'>defunctis</span> 
     </span>
     <span class='ocr_line' id='line_1_15' title="bbox 121 491 700 514; baseline 0.003 -7"><span class='ocrx_word' id='word_1_106' title='bbox 121 491 206 508; x_wconf 73' lang='lat' dir='ltr'>debentur</span> <span class='ocrx_word' id='word_1_107' title='bbox 220 492 280 508; x_wconf 85' lang='lat' dir='ltr'>ceteris</span> <span class='ocrx_word' id='word_1_108' title='bbox 294 493 407 509; x_wconf 81' lang='lat' dir='ltr'>creditoribus</span> <span class='ocrx_word' id='word_1_109' title='bbox 415 493 484 514; x_wconf 77' lang='lat' dir='ltr'>preferri</span> <span class='ocrx_word' id='word_1_110' title='bbox 494 493 581 512; x_wconf 88' lang='lat' dir='ltr'>debemus,</span> <span class='ocrx_word' id='word_1_111' title='bbox 591 493 638 509; x_wconf 83' lang='lat' dir='ltr'>dicta</span> <span class='ocrx_word' id='word_1_112' title='bbox 646 493 700 509; x_wconf 87' lang='lat' dir='ltr'>eciam</span> 
     </span>
     <span class='ocr_line' id='line_1_16' title="bbox 121 514 700 537; baseline 0.003 -7"><span class='ocrx_word' id='word_1_113' title='bbox 121 514 167 531; x_wconf 82' lang='lat' dir='ltr'>bona</span> <span class='ocrx_word' id='word_1_114' title='bbox 181 520 211 536; x_wconf 86' lang='lat' dir='ltr'>per</span> <span class='ocrx_word' id='word_1_115' title='bbox 224 515 335 532; x_wconf 72' lang='lat' dir='ltr'>securitatem</span> <span class='ocrx_word' id='word_1_116' title='bbox 349 516 444 537; x_wconf 79' lang='lat' dir='ltr'>predictam</span> <span class='ocrx_word' id='word_1_117' title='bbox 458 516 508 532; x_wconf 87' lang='lat' dir='ltr'>nobis</span> <span class='ocrx_word' id='word_1_118' title='bbox 522 516 587 532; x_wconf 74' lang='lat' dir='ltr'>tactam</span> <span class='ocrx_word' id='word_1_119' title='bbox 601 516 633 532; x_wconf 88' lang='lat' dir='ltr'>sub</span> <span class='ocrx_word' id='word_1_120' title='bbox 647 521 700 532; x_wconf 83' lang='lat' dir='ltr'>manu</span> 
     </span>
     <span class='ocr_line' id='line_1_17' title="bbox 121 538 700 560; baseline 0.003 -7"><span class='ocrx_word' id='word_1_121' title='bbox 121 539 180 554; x_wconf 85' lang='lat' dir='ltr'>nostra</span> <span class='ocrx_word' id='word_1_122' title='bbox 190 538 246 554; x_wconf 84' lang='lat' dir='ltr'>adhuc</span> <span class='ocrx_word' id='word_1_123' title='bbox 255 538 332 555; x_wconf 79' lang='lat' dir='ltr'>existunt</span> <span class='ocrx_word' id='word_1_124' title='bbox 340 545 344 558; x_wconf 83' lang='lat'>;</span> <span class='ocrx_word' id='word_1_125' title='bbox 362 539 411 555; x_wconf 84' lang='lat' dir='ltr'>vobis</span> <span class='ocrx_word' id='word_1_126' title='bbox 420 539 523 555; x_wconf 77' lang='lat' dir='ltr'>mandamus</span> <span class='ocrx_word' id='word_1_127' title='bbox 535 539 583 560; x_wconf 88' lang='lat' dir='ltr'>quod</span> <span class='ocrx_word' id='word_1_128' title='bbox 592 539 614 555; x_wconf 88' lang='lat' dir='ltr'>ab</span> <span class='ocrx_word' id='word_1_129' title='bbox 628 539 700 560; x_wconf 83' lang='lat' dir='ltr'>impedi-</span> 
     </span>
     <span class='ocr_line' id='line_1_18' title="bbox 121 561 700 583; baseline 0.003 -7"><span class='ocrx_word' id='word_1_130' title='bbox 121 562 185 580; x_wconf 82' lang='lat' dir='ltr'>mento,</span> <span class='ocrx_word' id='word_1_131' title='bbox 195 561 242 582; x_wconf 87' lang='lat' dir='ltr'>quod</span> <span class='ocrx_word' id='word_1_132' title='bbox 250 561 322 582; x_wconf 73' lang='lat' dir='ltr'>prefatis</span> <span class='ocrx_word' id='word_1_133' title='bbox 331 562 451 578; x_wconf 65' lang='lat' dir='ltr'>executoribus</span> <span class='ocrx_word' id='word_1_134' title='bbox 460 567 511 583; x_wconf 87' lang='lat' dir='ltr'>super</span> <span class='ocrx_word' id='word_1_135' title='bbox 519 562 605 578; x_wconf 81' lang='lat' dir='ltr'>solucione</span> <span class='ocrx_word' id='word_1_136' title='bbox 614 562 700 578; x_wconf 79' lang='lat' dir='ltr'>dictorum</span> 
     </span>
     <span class='ocr_line' id='line_1_19' title="bbox 121 583 699 606; baseline 0.003 -7"><span class='ocrx_word' id='word_1_137' title='bbox 121 583 219 600; x_wconf 84' lang='lat' dir='ltr'>debitorum</span> <span class='ocrx_word' id='word_1_138' title='bbox 226 586 330 604; x_wconf 84' lang='lat' dir='ltr'>nostrorum,</span> <span class='ocrx_word' id='word_1_139' title='bbox 338 591 371 606; x_wconf 82' lang='lat' dir='ltr'>que</span> <span class='ocrx_word' id='word_1_140' title='bbox 379 586 428 601; x_wconf 84' lang='lat' dir='ltr'>nobis</span> <span class='ocrx_word' id='word_1_141' title='bbox 435 585 515 606; x_wconf 88' lang='lat' dir='ltr'>primitus</span> <span class='ocrx_word' id='word_1_142' title='bbox 522 585 566 601; x_wconf 87' lang='lat' dir='ltr'>solvi</span> <span class='ocrx_word' id='word_1_143' title='bbox 573 585 642 604; x_wconf 84' lang='lat' dir='ltr'>debent,</span> <span class='ocrx_word' id='word_1_144' title='bbox 650 585 699 601; x_wconf 78' lang='lat' dir='ltr'>nobis</span> 
     </span>
     <span class='ocr_line' id='line_1_20' title="bbox 121 607 699 629; baseline 0.003 -7"><span class='ocrx_word' id='word_1_145' title='bbox 121 607 204 626; x_wconf 74' lang='lat' dir='ltr'>iacienda,</span> <span class='ocrx_word' id='word_1_146' title='bbox 211 612 242 628; x_wconf 93' lang='lat' dir='ltr'>per</span> <span class='ocrx_word' id='word_1_147' title='bbox 247 610 355 628; x_wconf 80' lang='lat' dir='ltr'>sequestrum</span> <span class='ocrx_word' id='word_1_148' title='bbox 362 608 460 629; x_wconf 88' lang='lat' dir='ltr'>hujusmodi</span> <span class='ocrx_word' id='word_1_149' title='bbox 466 610 484 624; x_wconf 85' lang='lat' dir='ltr'>et</span> <span class='ocrx_word' id='word_1_150' title='bbox 490 608 609 624; x_wconf 88' lang='lat' dir='ltr'>detencionem</span> <span class='ocrx_word' id='word_1_151' title='bbox 614 608 699 624; x_wconf 79' lang='lat' dir='ltr'>bonorum</span> 
     </span>
     <span class='ocr_line' id='line_1_21' title="bbox 121 629 699 652; baseline 0.003 -7"><span class='ocrx_word' id='word_1_152' title='bbox 121 629 188 646; x_wconf 86' lang='lat' dir='ltr'>illorum</span> <span class='ocrx_word' id='word_1_153' title='bbox 200 630 283 646; x_wconf 82' lang='lat' dir='ltr'>hactenus</span> <span class='ocrx_word' id='word_1_154' title='bbox 295 631 399 652; x_wconf 82' lang='lat' dir='ltr'>prestitistis,</span> <span class='ocrx_word' id='word_1_155' title='bbox 411 631 498 647; x_wconf 74' lang='lat' dir='ltr'>desistatis</span> <span class='ocrx_word' id='word_1_156' title='bbox 509 631 574 647; x_wconf 87' lang='lat' dir='ltr'>intuitu</span> <span class='ocrx_word' id='word_1_157' title='bbox 585 631 628 652; x_wconf 79' lang='lat' dir='ltr'>juris</span> <span class='ocrx_word' id='word_1_158' title='bbox 639 631 699 650; x_wconf 85' lang='lat' dir='ltr'>nostri,</span> 
     </span>
     <span class='ocr_line' id='line_1_22' title="bbox 121 653 700 675; baseline 0.002 -6"><span class='ocrx_word' id='word_1_159' title='bbox 121 654 138 669; x_wconf 88' lang='lat' dir='ltr'>et</span> <span class='ocrx_word' id='word_1_160' title='bbox 147 653 216 669; x_wconf 87' lang='lat' dir='ltr'>eosdem</span> <span class='ocrx_word' id='word_1_161' title='bbox 225 655 324 670; x_wconf 75' lang='lat' dir='ltr'>executores</span> <span class='ocrx_word' id='word_1_162' title='bbox 333 655 354 670; x_wconf 81' lang='lat' dir='ltr'>de</span> <span class='ocrx_word' id='word_1_163' title='bbox 363 654 412 670; x_wconf 85' lang='lat' dir='ltr'>bonis</span> <span class='ocrx_word' id='word_1_164' title='bbox 420 654 502 675; x_wconf 84' lang='lat' dir='ltr'>predictis</span> <span class='ocrx_word' id='word_1_165' title='bbox 510 654 582 670; x_wconf 83' lang='lat' dir='ltr'>liberam</span> <span class='ocrx_word' id='word_1_166' title='bbox 591 654 700 670; x_wconf 83' lang='lat' dir='ltr'>administra-</span> 
     </span>
     <span class='ocr_line' id='line_1_23' title="bbox 121 676 699 698; baseline 0.002 -6"><span class='ocrx_word' id='word_1_167' title='bbox 121 676 187 692; x_wconf 83' lang='lat' dir='ltr'>cionem</span> <span class='ocrx_word' id='word_1_168' title='bbox 196 676 258 692; x_wconf 78' lang='lat' dir='ltr'>habere</span> <span class='ocrx_word' id='word_1_169' title='bbox 266 678 378 697; x_wconf 77' lang='lat' dir='ltr'>permittatis,</span> <span class='ocrx_word' id='word_1_170' title='bbox 387 678 412 693; x_wconf 88' lang='lat' dir='ltr'>ita</span> <span class='ocrx_word' id='word_1_171' title='bbox 420 677 467 698; x_wconf 86' lang='lat' dir='ltr'>quod</span> <span class='ocrx_word' id='word_1_172' title='bbox 475 677 539 693; x_wconf 86' lang='lat' dir='ltr'>clamor</span> <span class='ocrx_word' id='word_1_173' title='bbox 548 677 570 693; x_wconf 85' lang='lat' dir='ltr'>ad</span> <span class='ocrx_word' id='word_1_174' title='bbox 578 682 609 693; x_wconf 87' lang='lat' dir='ltr'>nos</span> <span class='ocrx_word' id='word_1_175' title='bbox 617 677 657 693; x_wconf 89' lang='lat' dir='ltr'>inde</span> <span class='ocrx_word' id='word_1_176' title='bbox 665 682 699 693; x_wconf 79' lang='lat' dir='ltr'>non</span> 
     </span>
     <span class='ocr_line' id='line_1_24' title="bbox 121 699 699 721; baseline 0.002 -6"><span class='ocrx_word' id='word_1_177' title='bbox 121 699 211 719; x_wconf 85' lang='lat' dir='ltr'>perveniat</span> <span class='ocrx_word' id='word_1_178' title='bbox 223 699 301 719; x_wconf 78' lang='lat' dir='ltr'>iteratus,</span> <span class='ocrx_word' id='word_1_179' title='bbox 313 706 343 721; x_wconf 80' lang='lat' dir='ltr'>por</span> <span class='ocrx_word' id='word_1_180' title='bbox 355 700 402 721; x_wconf 89' lang='lat' dir='ltr'>quod</span> <span class='ocrx_word' id='word_1_181' title='bbox 413 706 445 721; x_wconf 89' lang='lat' dir='ltr'>pro</span> <span class='ocrx_word' id='word_1_182' title='bbox 456 700 493 721; x_wconf 86' lang='lat' dir='ltr'>jure</span> <span class='ocrx_word' id='word_1_183' title='bbox 505 702 565 716; x_wconf 88' lang='lat' dir='ltr'>nostro</span> <span class='ocrx_word' id='word_1_184' title='bbox 576 700 594 716; x_wconf 88' lang='lat' dir='ltr'>in</span> <span class='ocrx_word' id='word_1_185' title='bbox 606 700 639 716; x_wconf 86' lang='lat' dir='ltr'>hac</span> <span class='ocrx_word' id='word_1_186' title='bbox 650 701 699 721; x_wconf 83' lang='lat' dir='ltr'>parte</span> 
     </span>
     <span class='ocr_line' id='line_1_25' title="bbox 121 722 677 744; baseline 0.002 -6"><span class='ocrx_word' id='word_1_187' title='bbox 121 727 192 738; x_wconf 86' lang='lat' dir='ltr'>manum</span> <span class='ocrx_word' id='word_1_188' title='bbox 200 722 222 738; x_wconf 88' lang='lat' dir='ltr'>ad</span> <span class='ocrx_word' id='word_1_189' title='bbox 230 722 262 739; x_wconf 85' lang='lat' dir='ltr'>hoc</span> <span class='ocrx_word' id='word_1_190' title='bbox 269 722 319 739; x_wconf 85' lang='lat' dir='ltr'>aliter</span> <span class='ocrx_word' id='word_1_191' title='bbox 327 728 412 744; x_wconf 79' lang='lat' dir='ltr'>apponere</span> <span class='ocrx_word' id='word_1_192' title='bbox 420 723 518 739; x_wconf 69' lang='lat' dir='ltr'>debeamus,</span> <span class='ocrx_word' id='word_1_193' title='bbox 542 723 592 739; x_wconf 84' lang='lat' dir='ltr'>Teste</span> <span class='ocrx_word' id='word_1_194' title='bbox 600 728 627 739; x_wconf 92' lang='lat' dir='ltr'>me</span> <span class='ocrx_word' id='word_1_195' title='bbox 634 723 677 744; x_wconf 83' lang='lat' dir='ltr'>ipso.</span> 
     </span>
     <span class='ocr_line' id='line_1_26' title="bbox 143 745 777 765; baseline 0.002 -4"><span class='ocrx_word' id='word_1_196' title='bbox 143 745 180 765; x_wconf 78' lang='lat'>613.</span> <span class='ocrx_word' id='word_1_197' title='bbox 204 745 252 761; x_wconf 83' lang='lat' dir='ltr'>Patri</span> <span class='ocrx_word' id='word_1_198' title='bbox 265 750 285 761; x_wconf 79' lang='lat' dir='ltr'>ac</span> <span class='ocrx_word' id='word_1_199' title='bbox 299 746 369 762; x_wconf 87' lang='lat' dir='ltr'>domino</span> <span class='ocrx_word' id='word_1_200' title='bbox 382 752 413 762; x_wconf 86' lang='lat' dir='ltr'>suo</span> <span class='ocrx_word' id='word_1_201' title='bbox 427 746 569 765; x_wconf 81' lang='lat' dir='ltr'>reverentissimo,</span> <span class='ocrx_word' id='word_1_202' title='bbox 583 746 653 762; x_wconf 82' lang='lat' dir='ltr'>domino</span> <span class='ocrx_word' id='word_1_203' title='bbox 666 746 699 765; x_wconf 68' lang='lat' dir='ltr'>W„</span> <span class='ocrx_word' id='word_1_204' title='bbox 707 752 777 761; x_wconf 63' lang='lat' dir='ltr'>uiuam</span> 
     </span>
    </p>
   </div>
   <div class='ocr_carea' id='block_1_3' title="bbox 121 764 782 814">
    <p class='ocr_par' dir='ltr' id='par_1_3' title="bbox 121 764 782 814">
     <span class='ocr_line' id='line_1_27' title="bbox 121 764 782 790; baseline 0.003 -6"><span class='ocrx_word' id='word_1_205' title='bbox 121 768 152 783; x_wconf 88' lang='lat' dir='ltr'>Dei</span> <span class='ocrx_word' id='word_1_206' title='bbox 163 768 220 789; x_wconf 87' lang='lat' dir='ltr'>gracia</span> <span class='ocrx_word' id='word_1_207' title='bbox 231 768 340 788; x_wconf 78' lang='lat' dir='ltr'>Eboracensi‚</span> <span class='ocrx_word' id='word_1_208' title='bbox 352 771 390 788; x_wconf 84' lang='lat' dir='ltr'>etc.,</span> <span class='ocrx_word' id='word_1_209' title='bbox 402 770 428 785; x_wconf 91' lang='lat' dir='ltr'>sui</span> <span class='ocrx_word' id='word_1_210' title='bbox 439 769 497 785; x_wconf 85' lang='lat' dir='ltr'>devoti</span> <span class='ocrx_word' id='word_1_211' title='bbox 508 770 525 785; x_wconf 91' lang='lat' dir='ltr'>et</span> <span class='ocrx_word' id='word_1_212' title='bbox 536 769 609 785; x_wconf 86' lang='lat' dir='ltr'>humiles</span> <span class='ocrx_word' id='word_1_213' title='bbox 625 769 672 790; x_wconf 89' lang='lat' dir='ltr'>prior</span> <span class='ocrx_word' id='word_1_214' title='bbox 682 770 699 785; x_wconf 87' lang='lat' dir='ltr'>et</span> <span class='ocrx_word' id='word_1_215' title='bbox 707 764 782 787; x_wconf 51' lang='lat'>383¹?</span> 
     </span>
     <span class='ocr_line' id='line_1_28' title="bbox 121 789 765 814; baseline 0.003 -7"><span class='ocrx_word' id='word_1_216' title='bbox 121 793 216 808; x_wconf 83' lang='lat' dir='ltr'>conventus</span> <span class='ocrx_word' id='word_1_217' title='bbox 225 791 292 808; x_wconf 82' lang='lat' dir='ltr'>ecclesie</span> <span class='ocrx_word' id='word_1_218' title='bbox 303 792 418 811; x_wconf 83' lang='lat' dir='ltr'>Karliolensis,</span> <span class='ocrx_word' id='word_1_219' title='bbox 427 792 500 808; x_wconf 83' lang='lat' dir='ltr'>salutern</span> <span class='ocrx_word' id='word_1_220' title='bbox 509 794 526 808; x_wconf 89' lang='lat' dir='ltr'>et</span> <span class='ocrx_word' id='word_1_221' title='bbox 534 792 612 808; x_wconf 85' lang='lat' dir='ltr'>debitam</span> <span class='ocrx_word' id='word_1_222' title='bbox 620 792 700 808; x_wconf 81' lang='lat' dir='ltr'>obedien-</span> <span class='ocrx_word' id='word_1_223' title='bbox 706 789 765 814; x_wconf 37' lang='lat' dir='ltr'>&amp;iffi-2⁸</span> 
     </span>
    </p>
   </div>
   <div class='ocr_carea' id='block_1_4' title="bbox 121 814 782 837">
    <p class='ocr_par' dir='ltr' id='par_1_4' title="bbox 121 814 782 837">
     <span class='ocr_line' id='line_1_29' title="bbox 121 814 782 837; baseline 0.003 -7"><span class='ocrx_word' id='word_1_224' title='bbox 121 814 165 830; x_wconf 80' lang='lat' dir='ltr'>ciam</span> <span class='ocrx_word' id='word_1_225' title='bbox 178 819 217 830; x_wconf 91' lang='lat' dir='ltr'>cum</span> <span class='ocrx_word' id='word_1_226' title='bbox 230 815 277 831; x_wconf 78' lang='lat' dir='ltr'>omni</span> <span class='ocrx_word' id='word_1_227' title='bbox 290 815 354 831; x_wconf 83' lang='lat' dir='ltr'>honore</span> <span class='ocrx_word' id='word_1_228' title='bbox 367 817 384 831; x_wconf 80' lang='lat' dir='ltr'>et</span> <span class='ocrx_word' id='word_1_229' title='bbox 397 815 499 831; x_wconf 82' lang='lat' dir='ltr'>reverencia.</span> <span class='ocrx_word' id='word_1_230' title='bbox 522 815 585 831; x_wconf 85' lang='lat' dir='ltr'>Sancte</span> <span class='ocrx_word' id='word_1_231' title='bbox 598 815 700 836; x_wconf 83' lang='lat' dir='ltr'>paternitati</span> <span class='ocrx_word' id='word_1_232' title='bbox 707 814 782 837; x_wconf 53' lang='lat' dir='ltr'>ffl‘gffiffl</span> 
     </span>
    </p>
   </div>
   <div class='ocr_carea' id='block_1_5' title="bbox 120 837 759 1140">
    <p class='ocr_par' dir='ltr' id='par_1_5' title="bbox 120 837 700 1089">
     <span class='ocr_line' id='line_1_30' title="bbox 121 837 700 859; baseline 0.002 -6"><span class='ocrx_word' id='word_1_233' title='bbox 121 838 177 853; x_wconf 80' lang='lat' dir='ltr'>vestre</span> <span class='ocrx_word' id='word_1_234' title='bbox 192 837 308 858; x_wconf 79' lang='lat' dir='ltr'>significamus</span> <span class='ocrx_word' id='word_1_235' title='bbox 322 838 369 859; x_wconf 84' lang='lat' dir='ltr'>quod</span> <span class='ocrx_word' id='word_1_236' title='bbox 384 844 394 854; x_wconf 90' lang='lat' dir='ltr'>a</span> <span class='ocrx_word' id='word_1_237' title='bbox 409 838 471 854; x_wconf 82' lang='lat' dir='ltr'>nostris</span> <span class='ocrx_word' id='word_1_238' title='bbox 486 838 596 854; x_wconf 81' lang='lat' dir='ltr'>conscienciis</span> <span class='ocrx_word' id='word_1_239' title='bbox 610 843 700 859; x_wconf 87' lang='lat' dir='ltr'>nunquam</span> 
     </span>
     <span class='ocr_line' id='line_1_31' title="bbox 120 860 700 882; baseline 0.002 -6"><span class='ocrx_word' id='word_1_240' title='bbox 120 860 208 876; x_wconf 82' lang='lat' dir='ltr'>emanavit</span> <span class='ocrx_word' id='word_1_241' title='bbox 217 862 277 877; x_wconf 84' lang='lat' dir='ltr'>contra</span> <span class='ocrx_word' id='word_1_242' title='bbox 287 861 360 878; x_wconf 76' lang='lat' dir='ltr'>sormam</span> <span class='ocrx_word' id='word_1_243' title='bbox 373 863 430 878; x_wconf 88' lang='lat' dir='ltr'>status</span> <span class='ocrx_word' id='word_1_244' title='bbox 442 861 495 877; x_wconf 90' lang='lat' dir='ltr'>vestri</span> <span class='ocrx_word' id='word_1_245' title='bbox 507 866 537 877; x_wconf 78' lang='lat' dir='ltr'>seu</span> <span class='ocrx_word' id='word_1_246' title='bbox 550 862 611 877; x_wconf 83' lang='lat' dir='ltr'>contra</span> <span class='ocrx_word' id='word_1_247' title='bbox 622 861 700 882; x_wconf 81' lang='lat' dir='ltr'>jurisdic-</span> 
     </span>
     <span class='ocr_line' id='line_1_32' title="bbox 121 883 700 905; baseline 0.002 -6"><span class='ocrx_word' id='word_1_248' title='bbox 121 883 186 899; x_wconf 79' lang='lat' dir='ltr'>cionem</span> <span class='ocrx_word' id='word_1_249' title='bbox 196 885 272 899; x_wconf 83' lang='lat' dir='ltr'>vestram</span> <span class='ocrx_word' id='word_1_250' title='bbox 280 884 345 905; x_wconf 78' lang='lat' dir='ltr'>aliquid</span> <span class='ocrx_word' id='word_1_251' title='bbox 355 886 465 905; x_wconf 66' lang='lat' dir='ltr'>attemptare,</span> <span class='ocrx_word' id='word_1_252' title='bbox 488 884 553 900; x_wconf 88' lang='lat' dir='ltr'>Verum</span> <span class='ocrx_word' id='word_1_253' title='bbox 561 884 603 905; x_wconf 89' lang='lat' dir='ltr'>quia</span> <span class='ocrx_word' id='word_1_254' title='bbox 610 884 700 900; x_wconf 79' lang='lat' dir='ltr'>oelerarius</span> 
     </span>
     <span class='ocr_line' id='line_1_33' title="bbox 121 906 700 928; baseline 0.003 -7"><span class='ocrx_word' id='word_1_255' title='bbox 121 908 179 922; x_wconf 86' lang='lat' dir='ltr'>noster</span> <span class='ocrx_word' id='word_1_256' title='bbox 186 908 203 922; x_wconf 89' lang='lat' dir='ltr'>et</span> <span class='ocrx_word' id='word_1_257' title='bbox 210 906 281 927; x_wconf 86' lang='lat' dir='ltr'>quidam</span> <span class='ocrx_word' id='word_1_258' title='bbox 288 908 316 923; x_wconf 72' lang='lat' dir='ltr'>alii</span> <span class='ocrx_word' id='word_1_259' title='bbox 325 908 398 924; x_wconf 70' lang='lat' dir='ltr'>fratrum</span> <span class='ocrx_word' id='word_1_260' title='bbox 405 909 508 927; x_wconf 79' lang='lat' dir='ltr'>nostrorum,</span> <span class='ocrx_word' id='word_1_261' title='bbox 516 907 546 928; x_wconf 91' lang='lat' dir='ltr'>qui</span> <span class='ocrx_word' id='word_1_262' title='bbox 553 907 613 923; x_wconf 81' lang='lat' dir='ltr'>melius</span> <span class='ocrx_word' id='word_1_263' title='bbox 620 907 700 923; x_wconf 82' lang='lat' dir='ltr'>noverint</span> 
     </span>
     <span class='ocr_line' id='line_1_34' title="bbox 121 929 700 951; baseline 0.003 -7"><span class='ocrx_word' id='word_1_264' title='bbox 121 929 253 945; x_wconf 71' lang='lat' dir='ltr'>ventilacionern</span> <span class='ocrx_word' id='word_1_265' title='bbox 261 935 352 946; x_wconf 81' lang='lat' dir='ltr'>causarum</span> <span class='ocrx_word' id='word_1_266' title='bbox 360 932 458 946; x_wconf 87' lang='lat' dir='ltr'>nostrarum</span> <span class='ocrx_word' id='word_1_267' title='bbox 466 935 519 951; x_wconf 88' lang='lat' dir='ltr'>quam</span> <span class='ocrx_word' id='word_1_268' title='bbox 527 935 564 949; x_wconf 83' lang='lat' dir='ltr'>nos,</span> <span class='ocrx_word' id='word_1_269' title='bbox 572 932 643 951; x_wconf 82' lang='lat' dir='ltr'>propter</span> <span class='ocrx_word' id='word_1_270' title='bbox 651 935 700 946; x_wconf 86' lang='lat' dir='ltr'>occu-</span> 
     </span>
     <span class='ocr_line' id='line_1_35' title="bbox 121 952 700 975; baseline 0.002 -7"><span class='ocrx_word' id='word_1_271' title='bbox 121 952 201 973; x_wconf 82' lang='lat' dir='ltr'>paciones</span> <span class='ocrx_word' id='word_1_272' title='bbox 218 954 339 974; x_wconf 81' lang='lat' dir='ltr'>autumpnalcs</span> <span class='ocrx_word' id='word_1_273' title='bbox 357 955 433 975; x_wconf 82' lang='lat' dir='ltr'>ternpore</span> <span class='ocrx_word' id='word_1_274' title='bbox 451 959 486 974; x_wconf 88' lang='lat' dir='ltr'>quo</span> <span class='ocrx_word' id='word_1_275' title='bbox 502 953 560 969; x_wconf 89' lang='lat' dir='ltr'>littere</span> <span class='ocrx_word' id='word_1_276' title='bbox 576 955 633 969; x_wconf 48' lang='lat' dir='ltr'>vestre</span> <span class='ocrx_word' id='word_1_277' title='bbox 650 953 700 969; x_wconf 88' lang='lat' dir='ltr'>nobis</span> 
     </span>
     <span class='ocr_line' id='line_1_36' title="bbox 121 976 700 996; baseline 0.002 -5"><span class='ocrx_word' id='word_1_278' title='bbox 121 977 198 996; x_wconf 83' lang='lat' dir='ltr'>porrecte</span> <span class='ocrx_word' id='word_1_279' title='bbox 215 976 284 992; x_wconf 81' lang='lat' dir='ltr'>fuerunt</span> <span class='ocrx_word' id='word_1_280' title='bbox 301 977 381 993; x_wconf 83' lang='lat' dir='ltr'>absentes</span> <span class='ocrx_word' id='word_1_281' title='bbox 397 976 497 996; x_wconf 77' lang='lat' dir='ltr'>extiterant,</span> <span class='ocrx_word' id='word_1_282' title='bbox 514 976 532 992; x_wconf 93' lang='lat' dir='ltr'>in</span> <span class='ocrx_word' id='word_1_283' title='bbox 549 976 625 992; x_wconf 88' lang='lat' dir='ltr'>adventu</span> <span class='ocrx_word' id='word_1_284' title='bbox 642 978 700 993; x_wconf 80' lang='lat' dir='ltr'>vestro</span> 
     </span>
     <span class='ocr_line' id='line_1_37' title="bbox 120 999 699 1021; baseline 0.002 -7"><span class='ocrx_word' id='word_1_285' title='bbox 120 1003 180 1014; x_wconf 83' lang='lat' dir='ltr'>versus</span> <span class='ocrx_word' id='word_1_286' title='bbox 197 1000 255 1019; x_wconf 81' lang='lat' dir='ltr'>partes</span> <span class='ocrx_word' id='word_1_287' title='bbox 272 999 395 1016; x_wconf 78' lang='lat' dir='ltr'>Duueln-ienses</span> <span class='ocrx_word' id='word_1_288' title='bbox 413 1005 444 1016; x_wconf 89' lang='lat' dir='ltr'>nos</span> <span class='ocrx_word' id='word_1_289' title='bbox 461 999 507 1021; x_wconf 87' lang='lat' dir='ltr'>prior</span> <span class='ocrx_word' id='word_1_290' title='bbox 523 999 573 1015; x_wconf 80' lang='lat' dir='ltr'>vobis</span> <span class='ocrx_word' id='word_1_291' title='bbox 586 1004 699 1019; x_wconf 77' lang='lat' dir='ltr'>occurremus,</span> 
     </span>
     <span class='ocr_line' id='line_1_38' title="bbox 121 1022 700 1043; baseline 0.002 -6"><span class='ocrx_word' id='word_1_292' title='bbox 121 1027 172 1042; x_wconf 87' lang='lat' dir='ltr'>super</span> <span class='ocrx_word' id='word_1_293' title='bbox 182 1022 261 1038; x_wconf 82' lang='lat' dir='ltr'>omnibus</span> <span class='ocrx_word' id='word_1_294' title='bbox 272 1023 353 1042; x_wconf 75' lang='lat' dir='ltr'>articulis,</span> <span class='ocrx_word' id='word_1_295' title='bbox 364 1022 413 1039; x_wconf 86' lang='lat' dir='ltr'>nobis</span> <span class='ocrx_word' id='word_1_296' title='bbox 424 1028 454 1043; x_wconf 85' lang='lat' dir='ltr'>per</span> <span class='ocrx_word' id='word_1_297' title='bbox 464 1028 495 1039; x_wconf 89' lang='lat' dir='ltr'>vos</span> <span class='ocrx_word' id='word_1_298' title='bbox 505 1022 620 1041; x_wconf 80' lang='lat' dir='ltr'>demandatis,</span> <span class='ocrx_word' id='word_1_299' title='bbox 630 1022 700 1043; x_wconf 82' lang='lat' dir='ltr'>plenam</span> 
     </span>
     <span class='ocr_line' id='line_1_39' title="bbox 121 1044 700 1066; baseline 0.002 -6"><span class='ocrx_word' id='word_1_300' title='bbox 121 1044 173 1060; x_wconf 77' lang='lat' dir='ltr'>fidem</span> <span class='ocrx_word' id='word_1_301' title='bbox 187 1045 250 1061; x_wconf 79' lang='lat' dir='ltr'>tacturi</span> <span class='ocrx_word' id='word_1_302' title='bbox 264 1046 281 1061; x_wconf 86' lang='lat' dir='ltr'>et</span> <span class='ocrx_word' id='word_1_303' title='bbox 296 1047 352 1062; x_wconf 76' lang='lat' dir='ltr'>vestre</span> <span class='ocrx_word' id='word_1_304' title='bbox 367 1046 458 1061; x_wconf 83' lang='lat' dir='ltr'>reverende</span> <span class='ocrx_word' id='word_1_305' title='bbox 472 1045 574 1066; x_wconf 79' lang='lat' dir='ltr'>paternitati</span> <span class='ocrx_word' id='word_1_306' title='bbox 589 1050 620 1066; x_wconf 86' lang='lat' dir='ltr'>pro</span> <span class='ocrx_word' id='word_1_307' title='bbox 634 1045 700 1061; x_wconf 87' lang='lat' dir='ltr'>viribus</span> 
     </span>
     <span class='ocr_line' id='line_1_40' title="bbox 121 1067 497 1089; baseline 0.003 -6"><span class='ocrx_word' id='word_1_308' title='bbox 121 1067 261 1089; x_wconf 75' lang='lat' dir='ltr'>obtemperatur-L</span> <span class='ocrx_word' id='word_1_309' title='bbox 285 1068 347 1085; x_wconf 79' lang='lat' dir='ltr'>Valeat</span> <span class='ocrx_word' id='word_1_310' title='bbox 356 1069 455 1088; x_wconf 78' lang='lat' dir='ltr'>reverenda,</span> <span class='ocrx_word' id='word_1_311' title='bbox 465 1070 497 1084; x_wconf 35' lang='lat' dir='ltr'>etc*</span> 
     </span>
    </p>

    <p class='ocr_par' dir='ltr' id='par_1_6' title="bbox 120 1090 759 1140">
     <span class='ocr_line' id='line_1_41' title="bbox 120 1090 759 1115; baseline 0.002 -9"><span class='ocrx_word' id='word_1_312' title='bbox 120 1091 122 1098; x_wconf 73' lang='lat'><strong><em>¹</em></strong></span> <span class='ocrx_word' id='word_1_313' title='bbox 143 1090 180 1111; x_wconf 81' lang='lat'>614.</span> <span class='ocrx_word' id='word_1_314' title='bbox 204 1091 221 1112; x_wconf 86' lang='lat' dir='ltr'>vj</span> <span class='ocrx_word' id='word_1_315' title='bbox 238 1091 275 1111; x_wconf 79' lang='lat' dir='ltr'>(sic)</span> <span class='ocrx_word' id='word_1_316' title='bbox 289 1096 344 1108; x_wconf 81' lang='lat' dir='ltr'>nonas</span> <span class='ocrx_word' id='word_1_317' title='bbox 358 1092 421 1113; x_wconf 81' lang='lat' dir='ltr'>Aprilis</span> <span class='ocrx_word' id='word_1_318' title='bbox 436 1091 491 1112; x_wconf 84' lang='lat' dir='ltr'>(April</span> <span class='ocrx_word' id='word_1_319' title='bbox 528 1092 539 1112; x_wconf 90' lang='lat'>),</span> <span class='ocrx_word' id='word_1_320' title='bbox 555 1091 602 1108; x_wconf 78' lang='lat'>1282.</span> <span class='ocrx_word' id='word_1_321' title='bbox 626 1091 759 1115; x_wconf 59' lang='lat' dir='ltr'>Lanum.ffl¹2·</span> 
     </span>
     <span class='ocr_line' id='line_1_42' title="bbox 122 1113 752 1140; baseline 0 -11"><span class='ocrx_word' id='word_1_322' title='bbox 122 1113 209 1130; x_wconf 82' lang='lat' dir='ltr'>Universis</span> <span class='ocrx_word' id='word_1_323' title='bbox 219 1115 279 1135; x_wconf 82' lang='lat' dir='ltr'>pateat</span> <span class='ocrx_word' id='word_1_324' title='bbox 289 1119 319 1135; x_wconf 84' lang='lat' dir='ltr'>per</span> <span class='ocrx_word' id='word_1_325' title='bbox 329 1117 415 1136; x_wconf 81' lang='lat' dir='ltr'>presentes</span> <span class='ocrx_word' id='word_1_326' title='bbox 425 1114 472 1135; x_wconf 84' lang='lat' dir='ltr'>quod</span> <span class='ocrx_word' id='word_1_327' title='bbox 481 1119 518 1134; x_wconf 80' lang='lat' dir='ltr'>nos,</span> <span class='ocrx_word' id='word_1_328' title='bbox 528 1114 562 1133; x_wconf 82' lang='lat' dir='ltr'>W.,</span> <span class='ocrx_word' id='word_1_329' title='bbox 572 1116 611 1133; x_wconf 88' lang='lat' dir='ltr'>etc.,</span> <span class='ocrx_word' id='word_1_330' title='bbox 621 1119 700 1135; x_wconf 85' lang='lat' dir='ltr'>exasper—</span> <span class='ocrx_word' id='word_1_331' title='bbox 707 1117 752 1140; x_wconf 45' lang='lat' dir='ltr'>Iov-h</span> 
     </span>
    </p>
   </div>
   <div class='ocr_carea' id='block_1_6' title="bbox 122 1130 779 1165">
    <p class='ocr_par' dir='ltr' id='par_1_7' title="bbox 122 1130 779 1165">
     <span class='ocr_line' id='line_1_43' title="bbox 122 1130 779 1165; baseline 0 -12"><span class='ocrx_word' id='word_1_332' title='bbox 122 1138 162 1153; x_wconf 82' lang='lat' dir='ltr'>ante</span> <span class='ocrx_word' id='word_1_333' title='bbox 169 1142 201 1153; x_wconf 85' lang='lat' dir='ltr'>nos</span> <span class='ocrx_word' id='word_1_334' title='bbox 208 1138 319 1154; x_wconf 84' lang='lat' dir='ltr'>executomrn</span> <span class='ocrx_word' id='word_1_335' title='bbox 327 1138 364 1154; x_wconf 82' lang='lat' dir='ltr'>Ade</span> <span class='ocrx_word' id='word_1_336' title='bbox 372 1138 413 1154; x_wconf 85' lang='lat' dir='ltr'>Prat</span> <span class='ocrx_word' id='word_1_337' title='bbox 420 1138 441 1153; x_wconf 87' lang='lat' dir='ltr'>de</span> <span class='ocrx_word' id='word_1_338' title='bbox 449 1137 537 1156; x_wconf 82' lang='lat' dir='ltr'>Retiorde,</span> <span class='ocrx_word' id='word_1_339' title='bbox 546 1137 575 1153; x_wconf 75' lang='lat' dir='ltr'>diu</span> <span class='ocrx_word' id='word_1_340' title='bbox 583 1139 609 1153; x_wconf 90' lang='lat' dir='ltr'>est</span> <span class='ocrx_word' id='word_1_341' title='bbox 616 1137 699 1157; x_wconf 68' lang='lat' dir='ltr'>defuncti,</span> <span class='ocrx_word' id='word_1_342' title='bbox 706 1130 779 1165; x_wconf 40' lang='lat' dir='ltr'>{wag</span> 
     </span>
    </p>
   </div>
   <div class='ocr_carea' id='block_1_7' title="bbox 723 1212 787 1281">
    <p class='ocr_par' dir='ltr' id='par_1_8' title="bbox 723 1212 787 1281">
     <span class='ocr_line' id='line_1_44' title="bbox 723 1212 787 1281; baseline 0 0"><span class='ocrx_word' id='word_1_343' title='bbox 723 1212 787 1281; x_wconf 74' lang='lat' dir='ltr'>s</span> 
     </span>
    </p>
   </div>
   <div class='ocr_carea' id='block_1_8' title="bbox 269 1169 543 1182">
    <p class='ocr_par' dir='ltr' id='par_1_9' title="bbox 269 1169 543 1182">
     <span class='ocr_line' id='line_1_45' title="bbox 269 1169 543 1182; baseline 0 0"><span class='ocrx_word' id='word_1_344' title='bbox 269 1169 372 1182; x_wconf 66' lang='lat' dir='ltr'>¹Dubtnnensns,</span> <span class='ocrx_word' id='word_1_345' title='bbox 392 1170 448 1182; x_wconf 78' lang='lat' dir='ltr'>correct</span> <span class='ocrx_word' id='word_1_346' title='bbox 454 1173 472 1181; x_wconf 79' lang='lat' dir='ltr'>un</span> <span class='ocrx_word' id='word_1_347' title='bbox 479 1169 498 1182; x_wconf 67' lang='lat' dir='ltr'>Io.</span> <span class='ocrx_word' id='word_1_348' title='bbox 504 1170 543 1182; x_wconf 68' lang='lat' dir='ltr'>und.</span> 
     </span>
    </p>
   </div>
  </div>
 </body>
</html>
