2994 4996
245 472 302 534 262
356 490 422 534 THE
445 490 608 536 REGISTER
629 492 671 535 OF
692 490 904 535 ARCHBISHOP
925 489 1074 534 WILLIAM
1095 488 1297 534 WICKWANE.

243 646 546 729 pronunciavimus
557 653 591 711 et
603 647 759 711 inmunes
775 669 782 723 ;
806 645 942 710 eosdem
958 645 1101 728 pristine
1117 665 1177 710 sue
1193 645 1284 710 farne
1306 644 1405 709 resti-

243 744 391 814 tuenteS,
414 745 537 822 utpote
559 738 650 803 dicte
671 737 873 822 suspicionis
894 737 1032 821 penitus
1053 737 1274 815 innocentes„
1310 737 1404 821 Quo-

242 830 332 894 circa
358 830 588 895 dominacioni
615 837 728 896 vestre
754 830 926 895 attencius
952 829 1186 913 supplicamus
1213 834 1248 893 et
1275 828 1404 893 devote

242 922 418 1006 quatinus
453 922 482 986 si
515 922 639 1006 placet,
674 942 736 1006 pro
782 920 976 986 reverencia
1021 921 1085 985 Dei
1119 927 1153 985 et
1187 928 1306 986 sancte
1340 941 1402 984 sue

243 1013 390 1092 ecclesie,
408 1015 506 1099 cujus
522 1014 670 1079 ministri
685 1020 767 1079 sunt
783 1013 885 1078 iidem
902 1012 1013 1078 clerici
1028 1013 1076 1078 sic
1091 1013 1240 1097 purgati,
1257 1013 1351 1077 bona
1366 1018 1402 1077 et

242 1105 368 1170 catalla
394 1127 467 1184 sua,
495 1106 560 1171 hac
587 1106 629 1170 de
656 1127 760 1171 causa
785 1127 846 1190 per
872 1105 1047 1170 ministros
1073 1110 1206 1170 vestros
1233 1105 1403 1169 hactenus

242 1198 439 1275 confiscata,
471 1198 667 1282 precipiatis
697 1219 758 1282 per
787 1204 920 1262 vestras
949 1197 1084 1262 litteras
1110 1197 1242 1262 eisdem
1272 1195 1403 1261 retradi

243 1289 372 1354 intuitu
393 1289 477 1372 Jesu
498 1290 633 1355 Christi.
681 1290 877 1367 Conservet,
900 1296 964 1354 etc.

286 1394 435 1459 Eodeml
467 1395 571 1459 modo
601 1395 762 1460 scribitur
803 1416 865 1479 pro
895 1394 1029 1458 Thoma
1060 1394 1103 1458 de
1132 1393 1327 1459 Tanestrun
1358 1392 1402 1458 dc

243 1487 417 1570 Haytonc,
435 1493 470 1551 et
486 1508 548 1571 pro
565 1487 714 1551 Henrico
730 1487 773 1551 de
789 1488 945 1551 Paxtone
962 1487 1004 1550 de
1020 1485 1252 1551 Scarthebur’.

286 1590 360 1674 649.
408 1590 639 1675 bkal.Sept.
666 1591 845 1675 (Aug.27‚
872 1590 981 1671 1280).
1027 1589 1174 1674 Thorpe.
1221 1589 1402 1655 Confiden-

242 1681 374 1746 tissimo
385 1688 419 1746 et
430 1683 610 1748 excellenti
621 1683 772 1760 domin0,
786 1688 863 1760 etc„
878 1681 944 1760 W,
958 1682 1116 1760 salutern,
1130 1689 1195 1746 etc.
1235 1681 1401 1747 Domina·

78 1752 212 1856 dietih,
242 1773 332 1838 cioni
362 1780 475 1839 vestre
506 1781 629 1840 notum
661 1775 806 1839 facimus
836 1795 897 1859 per
926 1779 1101 1858 presentes
1132 1773 1226 1858 quod
1256 1773 1401 1857 quidam

79 1853 182 1902 invokiug

78 1903 157 1942 nsau
170 1907 193 1943 ,0
241 1865 348 1942 laici,2
371 1886 431 1931 sue
455 1866 576 1931 salutis
599 1866 825 1943 immemores,
849 1866 1097 1951 possessionem
1120 1865 1276 1950 magistri
1300 1865 1333 1949 J.
1358 1865 1402 1930 de

78 1955 207 1993 1⁰¹¹¹⁰V⁰i¹¹·
241 1956 428 2042 Stirthlay³
458 1958 493 2022 in
524 1959 664 2023 ecclesia
694 1958 736 2022 de
767 1958 920 2036 Birtone,
951 1964 1067 2023 nostre
1098 1957 1263 2042 dyocesis,
1294 1977 1402 2041 quam

79 2004 163 2044 truders
174 2005 229 2043 from

79 2054 213 2144 gyeffich.
242 2050 404 2114 canonice
428 2050 629 2135 adipiscitur
651 2056 820 2135 tanquam
843 2071 944 2116 verus
967 2055 1089 2128 rector,
1113 2049 1149 2114 in
1172 2049 1401 2137 prejudicium

79 2155 165 2194 burton·
242 2141 344 2205 officii
375 2143 495 2219 nostri,
528 2143 698 2207 libertatis
731 2143 967 2218 ecclesiastice,
1001 2148 1036 2207 et
1068 2141 1154 2227 juris
1185 2141 1333 2226 predicti
1364 2141 1398 2225 J.

242 2233 436 2318 impediunt
469 2240 504 2299 et
536 2235 753 2319 perturbant,
787 2255 908 2319 pacem
941 2234 1205 2299 ecclesiasticam
1238 2240 1273 2299 et
1306 2233 1401 2319 regni

241 2326 348 2390 vestri
378 2326 556 2405 violenter,
589 2348 695 2391 manu
726 2333 872 2404 armata,
904 2332 939 2391 et
970 2326 1142 2391 hostiliter
1172 2325 1399 2411 infringendo.

242 2417 343 2482 Unde
365 2418 596 2483 dominacioni
617 2425 731 2484 vestre
752 2418 928 2484 humiliter
949 2419 1183 2503 supplicamus
1205 2422 1240 2481 et
1263 2417 1399 2494 devote,

242 2510 287 2574 ad
301 2511 391 2574 hanc
404 2510 476 2574 vim
489 2510 644 2575 laicalem
659 2511 899 2588 amovendam,
914 2511 1094 2575 brachium
1108 2509 1229 2594 regalis
1243 2510 1401 2594 potencie

241 2601 343 2666 solita
367 2609 401 2666 et
425 2609 590 2667 consueta
613 2603 727 2687 gracia
751 2603 945 2687 apponatis,
970 2609 1010 2667 ut
1034 2602 1251 2666 inimicorum
1275 2600 1401 2667 Christi

241 2694 289 2758 sic
304 2694 436 2758 seviens
451 2694 588 2759 rebellio
603 2715 664 2779 per
678 2695 879 2760 excellencie
893 2701 1007 2760 vestre
1021 2694 1223 2779 suffragium
1238 2694 1400 2778 reprima-

241 2792 308 2850 tur.
356 2786 553 2864 Conservet,
576 2794 641 2852 etc.

77 2910 203 2950 nearcho.
283 2877 358 2959 650.
406 2878 506 2943 8kal.
521 2877 609 2964 Aug.
625 2878 723 2963 (July
748 2894 800 2961 25,
817 2879 926 2959 1280).
974 2878 1121 2944 Oxtone.
1168 2876 1401 2956 SerenissimO,

78 2961 178 3060 ᾗῗῃξῇῆῃ,
241 2976 305 3034 etc.
353 2971 593 3035 Dominacioni
609 2978 722 3035 vestre
738 2976 861 3035 notum
878 2971 1023 3035 facimus
1039 2991 1100 3055 per
1115 2976 1290 3054 presentes
1306 2970 1401 3054 quod

77 3063 157 3110 v⁰ffi⁰⁸
169 3061 205 3100 ue
241 3061 381 3126 ecclesia
394 3063 437 3126 de
450 3063 586 3147 Feriby,
601 3070 717 3127 nostre
731 3063 896 3147 dyocesis,
911 3069 1032 3127 contra
1045 3062 1195 3127 officium
1209 3067 1244 3126 et
1258 3062 1401 3146 disposi-

77 3113 159 3151 secular

78 3162 229 3253 ffijbfflt
241 3154 374 3218 cionem
395 3161 550 3218 nostram
571 3155 784 3239 spiritualem
807 3155 982 3219 detinetur
1003 3160 1038 3218 et
1059 3154 1227 3218 violenter
1248 3154 1402 3219 defendi-

78 3263 164 3302 eiuru.
242 3251 299 3310 tur
313 3266 373 3329 per
387 3267 510 3310 manus
525 3253 560 3311 et
574 3247 778 3312 violenciam
792 3247 967 3311 laicorum.
1016 3246 1126 3323 Unde,
1143 3245 1188 3310 ad
1202 3246 1403 3331 hujusmodi

241 3337 396 3402 laicalem
418 3338 490 3403 vim
513 3339 754 3416 amovendam,
778 3338 979 3404 excellencie
1001 3344 1114 3403 vestre
1137 3338 1350 3423 suffragium,
1374 3338 1402 3403 si

241 3429 366 3513 placet,
391 3430 566 3495 humiliter
589 3432 800 3496 invocamus.
848 3431 1045 3508 Conservet,
1070 3437 1135 3495 etc.

286 3547 360 3628 651.
410 3547 449 3611 18
472 3547 540 3611 kal.
564 3548 646 3612 Dec.
672 3547 774 3629 (Nov.
801 3552 866 3630 15),
893 3566 987 3632 1279.
1035 3547 1141 3612 York.
1189 3546 1290 3613 Bond
1312 3547 1402 3612 from

242 3640 301 3703 the
325 3639 530 3722 archbishop
554 3646 591 3703 to
615 3639 667 3704 Sir
691 3640 792 3704 Peter
815 3641 850 3704 ot
873 3640 1014 3704 Chester
1038 3640 1089 3718 (de
1114 3638 1254 3722 Castria)
1279 3639 1314 3703 in
1338 3658 1403 3721 300

241 3732 367 3808 marks,
385 3738 422 3796 to
438 3731 481 3795 be
496 3732 578 3816 paid
593 3732 714 3796 within
731 3754 751 3795 a
766 3733 889 3797 month
905 3733 994 3796 after
1007 3731 1166 3796 demand.

79 3865 207 3904 nearcho
285 3848 360 3929 652.
409 3867 450 3912 10
475 3848 542 3912 kal.
570 3848 664 3931 Sept.
692 3848 792 3933 (Aug.
820 3867 873 3930 23,
902 3849 1011 3931 1280).
1059 3847 1246 3912 Beverlaci.
1294 3848 1404 3914 Priori

79 3916 219 4006 illidit
242 3939 284 4003 de
309 3940 496 4005 Birstalle.4
555 3941 731 4024 Rogamus
754 3941 975 4006 dileccionem
998 3946 1151 4005 vestram
1173 3939 1351 4024 quatinuS,
1375 3941 1404 4006 si

79 4017 112 4056 lor
122 4016 219 4066 sporting

79 4067 197 4115 dogm„
242 4031 366 4115 placet,
396 4053 474 4096 cum
503 4033 677 4096 celeritate
704 4053 775 4116 qua
802 4033 971 4117 poteritis,
1000 4032 1099 4097 nobis
1127 4031 1340 4116 provideatis
1368 4032 1404 4097 in

20 4168 24 4175 .
80 4116 167 4157 Μ·
243 4123 400 4207 partibus
421 4124 544 4189 vestris
566 4125 803 4190 transmarinis
824 4125 867 4189 de
888 4125 1023 4189 duobus
1044 4124 1187 4189 canibus
1207 4123 1406 4208 perdriariis

278 4263 557 4327 10nro.128d0n1y.
779 4271 781 4274 ⁴
885 4264 1028 4320 4Burstall,
1063 4263 1091 4311 in
1132 4263 1309 4321 Holderness,
1341 4278 1405 4313 now

279 4329 385 4378 2clerici
396 4330 543 4379 interlined
553 4346 588 4379 on
603 4331 639 4379 io.
651 4332 693 4381 67.
708 4332 795 4380 There
847 4332 995 4394 destroyed
1018 4332 1056 4394 by
1076 4332 1191 4386 thesea,
1205 4345 1262 4380 was
1281 4345 1317 4380 an
1330 4331 1403 4380 alien

244 4412 289 4446 are
303 4398 382 4445 other
404 4397 625 4447 interlineations
639 4399 727 4447 which
749 4413 796 4448 are
847 4399 949 4462 priory,
964 4398 1047 4461 being
1060 4413 1077 4446 a
1089 4397 1140 4446 cell
1153 4398 1182 4446 of
1194 4397 1235 4447 St.
1250 4397 1355 4446 Martio
1368 4399 1403 4447 de

244 4463 369 4526 illegible.
849 4465 951 4521 Alceio,
965 4479 1033 4513 near
1047 4463 1172 4520 Aumale,
1186 4464 1215 4512 in
1228 4464 1403 4528 Normandy.

279 4529 450 4593 ”Stirtheley
490 4531 538 4580 F0.
556 4531 604 4580 129
