2994 4996
272 463 331 525 180
379 479 445 524 THE
468 479 631 524 REGISTER
651 479 693 523 OF
714 478 925 522 ARCHBISHOP
946 477 1094 522 WILLIAM
1116 478 1317 523 WICKWANE.

109 645 214 734 patgt
273 633 394 698 intime
414 639 448 697 et
468 652 510 696 ex
531 631 641 708 corde,
681 637 721 695 ut
741 631 886 714 quilibet
905 630 1085 695 benivolus
1116 651 1260 696 manum
1280 633 1435 717 applicet

129 706 168 734 ⁸¹¹⁰
192 704 220 732 ε’
275 724 490 810 adjutricem.
537 724 696 788 Ceterum
738 744 808 787 non
851 723 1018 786 inmemor
1061 722 1145 787 dicti
1187 724 1294 788 vestri
1337 726 1435 810 quod

112 795 158 834 Has
166 792 244 842 helped
360 816 366 827 ·
610 816 615 826 .
930 815 936 825 .
984 815 989 826 .
1163 815 1169 826 .
1371 818 1377 830 ,

111 844 261 892 sarrapono,
275 817 453 880 dominum
474 815 731 899 Neapohonem,
752 821 874 898 utpote
894 820 1009 898 stupis
1028 815 1215 879 masculine
1235 818 1459 883 memoriale.

112 896 208 984 3332?
275 909 495 992 magnificum
530 914 564 972 et
598 908 708 972 tocius
752 906 926 991 parentele
969 905 1194 990 predilectum
1239 908 1433 989 flosculum,

112 996 244 1095 {Qjffgtqhe
276 1001 397 1065 intime
425 1000 576 1084 diligitis,
605 999 784 1083 negocium
812 999 918 1081 ipsius
947 1019 1026 1082 erga
1054 999 1245 1082 capitulum
1274 1007 1435 1067 nostrum

112 1094 234 1184 ffitmf
277 1093 492 1157 Eboracense
512 1091 576 1156 feci
596 1090 726 1155 utiliter
746 1090 935 1174 adimpleri,
956 1096 1002 1167 et,
1023 1097 1186 1174 pretextu
1205 1093 1378 1158 commodi
1399 1101 1435 1160 et

176 1176 180 1184 ’
276 1184 425 1261 honoris,
438 1182 664 1267 prebendaml
677 1203 787 1259 suam,
799 1202 866 1266 que
878 1182 1043 1260 totaliter,
1056 1183 1112 1246 vel
1123 1183 1203 1261 fere,
1216 1183 1251 1248 in
1262 1184 1436 1252 laboriosa

278 1277 485 1361 agricultura
521 1275 678 1340 consistit
723 1281 758 1338 et
794 1275 883 1339 inter
918 1274 1089 1339 silvestres
1125 1280 1160 1338 et
1196 1276 1437 1361 voluptuarios

278 1369 452 1433 ministros
481 1374 516 1432 et
544 1367 689 1432 ballivos
717 1367 828 1450 patrie
856 1366 1053 1443 collocatur,
1084 1366 1128 1430 ad
1157 1367 1343 1433 triennium
1373 1391 1436 1455 pro

280 1479 299 1524 c
317 1460 450 1537 marcis,
469 1460 579 1524 eidem
601 1459 740 1543 singulis
758 1459 856 1523 annis
872 1457 1055 1535 solvendiS,
1074 1458 1119 1522 ad
1135 1459 1271 1524 firmam
1288 1462 1374 1546 cepi,
1393 1461 1436 1527 de

279 1552 416 1636 proprio
443 1550 634 1627 commodo,
661 1551 759 1615 novit
786 1549 1024 1633 Omnipotens
1050 1571 1121 1614 non
1147 1552 1322 1631 curand0;
1375 1554 1437 1619 sed

280 1645 314 1708 in
335 1645 401 1708 hoc
421 1642 597 1728 gratitudo
629 1663 684 1706 me
717 1642 842 1727 dirigit,
866 1642 981 1719 allicit,
1004 1648 1039 1706 et
1061 1642 1228 1721 accendit,
1251 1665 1294 1708 ne
1315 1646 1351 1709 in
1372 1667 1436 1712 sua

279 1737 447 1813 novitate,
474 1742 642 1819 tanquam
667 1735 860 1818 desperans,
882 1734 1073 1799 afficeretur
1091 1734 1184 1800 tedio
1208 1736 1264 1800 vel
1287 1737 1436 1822 jactura.

280 1828 465 1893 Conservet
494 1834 646 1892 vestram
675 1826 948 1890 dominacionem
976 1826 1113 1891 ecclesie
1141 1848 1201 1892 sue
1230 1837 1348 1894 sancte
1376 1851 1438 1915 per

280 1928 438 2005 tempora
450 1920 613 2004 longiora.

72 2107 75 2112 ,
117 2077 257 2117 Letterfrom
325 2064 406 2127 Dat.
435 2069 475 2127 ut
501 2082 615 2145 supra.
663 2061 865 2124 Reverendo
892 2061 927 2124 in
954 2060 1089 2125 Christo
1105 2063 1207 2146 patri
1234 2069 1269 2128 et
1296 2064 1438 2131 domino

117 2128 154 2167 the
167 2127 240 2168 archb.

116 2177 246 2217 tocaranar
281 2155 477 2231 confidenti,
489 2154 628 2218 domino
640 2153 789 2230 Matheo,
802 2153 866 2216 Dei
876 2153 989 2237 gracia
999 2153 1124 2218 Sancte
1136 2154 1240 2219 Marie
1250 2155 1286 2218 in
1297 2155 1438 2222 Porticu

116 2228 258 2318 iiis‘iiim'
280 2248 424 2312 diacono
437 2246 612 2322 cardinali,
625 2266 707 2310 suus
720 2245 961 2309 devotissimus
974 2245 1128 2310 servulus
1141 2252 1176 2310 et
1188 2247 1356 2326 sacerdos,
1370 2249 1437 2328 W,

115 2328 206 2377 ΨΜ·
279 2340 500 2424 permissione
521 2339 687 2422 Ejusdem
708 2337 933 2401 Eboracensis
954 2338 1091 2402 ecclesie
1112 2338 1267 2403 minister
1287 2340 1438 2420 humilis,

278 2431 399 2516 Anglie
415 2432 553 2515 primas,
570 2430 717 2494 salutern
741 2436 776 2493 et
800 2450 879 2493 curn
894 2429 1039 2493 sollicita
1055 2430 1253 2495 oracionum
1268 2431 1441 2499 instancia

203 2553 205 2558 ¹
279 2525 439 2588 intimam
465 2522 695 2586 reverenciam
721 2527 755 2585 et
782 2522 956 2585 honorem.
1029 2522 1132 2585 Pater
1157 2522 1376 2606 precordialis
1403 2532 1438 2592 et

280 2615 438 2692 amande,
459 2614 587 2699 scripsi,
609 2635 678 2677 non
697 2613 769 2677 sine
789 2613 1020 2677 amaritudine
1039 2619 1074 2677 et
1093 2614 1294 2679 turbacione
1313 2617 1438 2696 cordis,

279 2708 458 2772 karissimo
492 2713 527 2771 et
561 2706 747 2770 confidenti
780 2705 940 2769 benivolo
973 2725 1061 2783 meo,
1097 2705 1236 2771 domino
1270 2707 1438 2790 Jordano,

279 2806 395 2864 vestro
431 2797 663 2863 concardinali
687 2804 721 2862 et
746 2797 921 2873 confratri,
946 2818 1048 2881 super
1070 2798 1279 2881 quibusdam
1311 2799 1440 2885 impro-

279 2892 381 2976 periis
395 2897 430 2955 et
445 2891 582 2955 offensis
597 2890 711 2966 michi,
736 2889 842 2952 immo
857 2889 931 2952 Deo
946 2895 980 2953 et
995 2897 1211 2954 sacrosancte
1233 2891 1389 2956 Romane
1404 2899 1440 2958 et

278 2983 463 3047 universali
499 2982 647 3058 ecclesie,
677 3002 786 3064 nuper
812 2981 967 3045 luctuose
996 2987 1030 3045 et
1058 2981 1297 3047 miserabiliter
1323 2983 1440 3064 illatis,

280 3081 403 3158 utpote
442 3095 545 3158 super
570 3074 786 3158 bajulacione
814 3073 922 3137 crucis
949 3093 1023 3136 mee
1051 3093 1112 3157 per
1138 3080 1251 3138 totam
1278 3074 1440 3161 Angliam

280 3167 473 3243 deferende,
492 3167 527 3230 in
545 3166 643 3250 cujus
661 3165 882 3249 possessione,
901 3166 956 3229 vel
973 3166 1083 3248 quasi,
1102 3165 1354 3249 predecessores
1372 3169 1441 3234 mei

281 3260 469 3324 extiterant
500 3265 535 3323 et
565 3257 797 3322 Decretalium
827 3257 973 3341 epistola
1002 3265 1273 3337 commemorat;
1332 3280 1441 3344 quam

281 3352 539 3436 possessionem,
556 3350 612 3414 vel
627 3349 737 3434 quasi,
754 3349 913 3413 dominus
930 3349 1184 3414 Cantuariensis
1199 3372 1291 3415 nunc
1306 3358 1442 3436 pertur-

117 3451 155 3493 1²0·
165 3452 214 3494 ³⁹d·
280 3445 362 3508 bare
382 3445 550 3508 hactenus
570 3463 639 3506 non
660 3442 817 3506 cessavit.
865 3441 963 3505 Idem
983 3462 1065 3505 vero
1086 3443 1245 3508 dominus
1265 3442 1442 3526 Jordanus

280 3537 390 3612 vobis,
412 3535 440 3600 si
460 3534 584 3618 placet,
606 3535 726 3598 eadem
746 3534 948 3617 gravamina
967 3533 1046 3597 vive
1066 3534 1160 3598 vocis
1181 3536 1330 3613 oraculo,
1351 3536 1442 3603 sicut

281 3627 345 3691 sibi
370 3627 535 3710 supplico,
563 3626 685 3690 referet
710 3625 784 3689 vice
809 3646 897 3689 mea.
944 3625 1045 3689 Unde
1070 3626 1302 3691 dominacioni
1327 3635 1442 3693 vestre

281 3720 446 3803 supplico,
481 3719 516 3782 in
551 3717 738 3782 visceribus
772 3723 806 3781 et
840 3717 1005 3801 sanguine
1039 3717 1239 3795 Salvatoris,
1274 3720 1442 3802 quatinus

279 3812 458 3895 negocium
481 3810 680 3894 hujusmodi
700 3830 849 3873 unacum
871 3809 945 3892 ipso
965 3810 1155 3892 procuretis
1176 3810 1291 3875 debite
1312 3832 1442 3877 correc-

279 3904 378 3980 cioni,
409 3904 464 3967 vel
480 3903 603 3967 saltem
619 3901 763 3985 alicujus
791 3901 885 3965 utilis
901 3900 1129 3965 ordinacionis
1144 3902 1282 3966 effectui
1297 3903 1443 3970 feliciter

279 3995 479 4079 mancipari,
510 3995 560 4058 ita
587 3993 682 4077 quod
710 4013 765 4056 me
795 3999 829 4056 et
858 3993 1049 4076 capitulum
1078 4013 1194 4057 meum
1225 3994 1443 4061 Eboracense

278 4088 401 4151 vestris
450 4086 572 4150 exinde
621 4085 846 4168 beneplacitis
895 4085 1083 4149 artissimos
1132 4086 1268 4151 faciatis
1316 4088 1443 4152 merito

278 4180 459 4243 debitores.
508 4178 693 4242 Conservet
718 4198 780 4240 vos
804 4176 940 4242 ecclesie
965 4183 999 4240 et
1023 4177 1152 4260 populo
1177 4198 1239 4242 suo
1263 4178 1357 4243 Deus
1380 4200 1444 4264 per

277 4278 435 4355 tempora
450 4271 615 4355 longiora.

294 4412 372 4462 1The
391 4411 514 4478 prebend
529 4411 558 4458 of
571 4410 660 4458 South
674 4409 748 4458 Cave
760 4409 789 4457 of
807 4407 897 4456 which
913 4407 1041 4457 Cardinal
1055 4409 1196 4473 Neapoleo
1208 4425 1264 4459 was
1278 4413 1422 4474 possessed

460 4479 488 4529 in
505 4477 571 4529 1305
590 4477 735 4538 (Calendar
748 4477 776 4538 of
789 4476 886 4525 Patent
897 4473 971 4525 Rolls
987 4475 1120 4540 (1301-7],
1135 4491 1162 4541 p.
1174 4476 1246 4540 377).
