2994 4996
267 478 332 522 THE
355 477 518 523 REGISTER
540 477 582 523 OF
603 476 814 523 ARCHBISHOP
835 476 984 523 WILLIAM
1004 476 1206 523 WICKWANE.
1264 476 1322 541 275

166 633 374 698 auctoritate
386 631 593 716 suffraganei
605 631 714 697 nostri
727 631 886 697 carcerali
899 630 1065 710 custodie,
1078 637 1119 696 ut
1132 631 1324 717 suggeritis,

165 726 375 808 mancipata,
400 725 599 789 caucionem
624 723 789 808 optulerit
813 724 856 789 de
879 723 1033 809 parendo
1056 723 1135 809 juri,
1160 744 1232 808 qua
1254 744 1325 805 non

166 818 326 902 admissa,
337 817 422 901 quin
431 816 549 901 pocius
563 823 689 900 spreta,
702 815 907 882 continuata
918 816 1137 902 oppressione
1150 814 1324 905 affligitur,

165 917 204 974 ut
234 910 406 986 asseritur,
435 909 549 973 minus
569 909 679 993 juste,
707 929 848 974 causam
875 908 928 974 sui
955 908 1176 993 gravaminis,
1204 908 1234 973 si
1260 907 1326 973 sibi

165 1002 325 1085 expedire
338 1001 474 1079 viderit,
490 1001 535 1066 ad
547 1007 706 1066 nostrum
718 1001 959 1066 consistorium
971 1000 1123 1086 legitime
1135 1000 1327 1085 presentari

166 1100 336 1177 procuret.
384 1093 466 1170 Nos,
505 1113 598 1176 ver0,
638 1114 717 1158 curn
755 1113 896 1159 causam
934 1093 1045 1178 ipsam
1084 1092 1130 1158 ad
1167 1097 1326 1158 nostrum

166 1184 443 1269 conspexerimus
466 1185 628 1250 canonice
652 1184 790 1250 devolvi
812 1205 968 1262 examen,
991 1184 1161 1270 partibus,
1185 1185 1326 1250 favente

167 1279 327 1354 Domino,
352 1277 489 1362 justicie
513 1276 751 1343 exhibebimus
776 1278 1077 1362 complementum.
1124 1275 1161 1343 Si
1184 1275 1325 1362 quidem

166 1377 287 1435 contra
316 1376 451 1453 partem
480 1369 674 1434 inauditam
702 1369 808 1435 nichil
835 1375 988 1435 statuere
1016 1389 1210 1454 possumus,
1240 1369 1325 1454 quin

165 1463 351 1547 justiciam,
374 1461 468 1546 quod
490 1462 592 1540 absit,
615 1461 841 1546 proculdubio
863 1461 1089 1527 offendamus.

210 1554 285 1638 689.
332 1553 462 1618 Littere
490 1553 715 1620 credulitatis.
761 1553 916 1619 Salutem
943 1574 1023 1620 cum
1051 1554 1116 1619 Dei
1143 1559 1179 1620 et
1205 1559 1326 1620 nostra
1337 1565 1412 1609 latter
1422 1616 1456 1657 m

167 1646 416 1710 benediccione.
463 1645 519 1710 Ad
546 1653 701 1711 vestrum
728 1646 764 1711 in
792 1645 933 1732 agendis
960 1651 1143 1731 expertum
1169 1647 1325 1731 profecto
1338 1617 1469 1709 tillim

166 1739 368 1823 suffragium
394 1737 496 1803 solita
523 1737 735 1803 confidencia
761 1738 934 1804 tutissime
960 1738 1195 1816 convolantes
1223 1718 1394 1804 dilec·¹²‘¹⁹'

167 1831 255 1896 cioni
272 1836 385 1895 vestre
401 1830 572 1895 instanter
586 1831 820 1915 supplicamus
835 1831 1001 1916 quatinus
1015 1830 1082 1896 hiis
1096 1850 1164 1915 que
1180 1829 1326 1896 dilectus
1339 1869 1378 1911 ro.
1389 1868 1435 1910 reo.

167 1923 266 1987 nobis
278 1923 437 1987 dominus
448 1922 726 2005 Allexanderlde
739 1923 969 2006 K[irketone],
982 1922 1186 1988 senescallus
1197 1928 1325 2002 noster,

168 2037 210 2079 ex
228 2023 328 2099 parte
344 2021 464 2080 nostra
483 2015 562 2079 vive
577 2015 671 2080 vocis
686 2014 824 2080 oraculo
839 2014 977 2081 duxerit
988 2014 1206 2100 exponenda,
1222 2014 1327 2080 fidem

125 2113 127 2115 ’
168 2108 371 2172 adhibentes
393 2107 591 2190 pleniorem,
615 2127 656 2172 ea
677 2107 881 2173 continuato
903 2107 1022 2173 favore
1044 2112 1168 2193 optato
1189 2105 1344 2176 effectui,

168 2200 295 2264 nostris
325 2199 522 2282 mancipare
551 2199 666 2264 velitis
695 2199 853 2284 precibus
883 2205 919 2265 et
932 2281 935 2284 ῃ
948 2219 1075 2278 amore,
1106 2197 1194 2264 adeo
1222 2197 1328 2284 quod,

168 2299 285 2356 vestra
322 2291 497 2356 mediante
535 2291 716 2370 industria,
756 2291 897 2357 ecclesia
933 2297 1054 2358 nostra
1091 2290 1329 2370 Eboracensis,

169 2391 281 2447 mater
296 2390 423 2460 vestra,
440 2383 535 2447 filiali
552 2383 817 2468 supportacione
833 2384 965 2462 fulcita,
982 2383 1118 2450 utinam
1135 2382 1279 2450 relevari
1294 2402 1330 2449 se

169 2476 310 2552 senciat,
326 2496 366 2539 ac
379 2476 414 2539 in
429 2475 645 2540 revolucione
658 2476 887 2561 negociorum,
902 2475 987 2542 alias
1000 2476 1076 2554 rite,
1090 2481 1195 2561 prout
1207 2475 1332 2554 nostis,

169 2569 410 2644 discussorum,
437 2567 569 2632 consilii
593 2568 719 2633 solacio
745 2567 925 2647 destituta,
951 2567 1164 2653 vituperium
1188 2567 1330 2633 minime

169 2661 322 2723 incurrat
343 2665 560 2743 perpetuum,
582 2659 677 2744 quod
698 2660 800 2739 absit,
822 2680 883 2726 seu
902 2661 1086 2746 jacturam.
1132 2659 1264 2726 Valete.

214 2751 368 2815 Salutem
384 2771 463 2815 cum
479 2751 554 2829 Dei,
571 2759 636 2817 etc.
684 2753 736 2816 De
750 2757 865 2818 vestre
879 2751 1065 2818 soliditatis
1079 2751 1280 2817 constancia
1294 2751 1331 2817 in
1344 2754 1378 2815 o'n
1388 2774 1496 2815 uem

169 2843 388 2928 promocione
407 2844 626 2927 negociorum
644 2850 841 2910 nostrorum
860 2843 1077 2930 frequencius
1086 2843 1216 2922 refecti,
1236 2863 1331 2928 pros-
1343 2824 1435 2875 'W'

170 2942 288 3020 perate
306 2935 351 2999 ad
367 2942 522 2999 vestrum
539 2936 731 3002 subsidium
742 2957 782 3001 eo
793 2936 1024 3002 confidencius
1040 2935 1245 3002 recurrimus
1260 2955 1331 3020 quo

171 3027 416 3110 acceptabilius
430 3048 493 3092 nos
508 3028 611 3112 recipi
624 3028 851 3113 proculdubio
864 3028 1050 3094 intuemur.
1096 3027 1184 3106 Hiis,
1199 3026 1330 3112 itaque,

171 3121 279 3184 amice
296 3120 491 3203 predilecte,
509 3140 576 3204 que
594 3120 739 3186 dilectus
755 3120 855 3186 nobis
871 3119 1032 3186 dominus
1047 3119 1272 3204 A[lexander]
1288 3119 1332 3185 de

172 3213 402 3293 K[irketone]‚
443 3212 648 3277 senescallus
686 3219 813 3292 noster,
853 3212 953 3278 vobis
991 3233 1035 3279 ex
1073 3218 1173 3298 parte
1210 3217 1332 3279 nostra

171 3324 340 3388 exponere
365 3303 503 3369 duxerit
519 3304 601 3369 viva
617 3323 702 3370 voce
725 3305 830 3371 fidem
854 3304 1058 3373 adhibentes
1074 3304 1274 3391 pleniorem,
1290 3324 1333 3371 ea

170 3397 374 3464 continuata
399 3396 527 3461 favoris
550 3396 665 3480 gracia
689 3404 859 3482 oportune
882 3397 1044 3483 expedire
1066 3396 1182 3464 velitis
1204 3396 1333 3464 nostris

170 3489 328 3574 precibus
347 3495 381 3552 et
399 3508 525 3565 amore,
545 3494 596 3566 ut,
607 3495 721 3554 vestre
733 3489 972 3556 sollicitudinis
990 3489 1165 3556 mediante
1183 3488 1331 3567 cautela,

171 3581 365 3645 relevamen
402 3581 595 3646 senciamus
631 3588 805 3666 optatum,
843 3602 884 3647 ac
920 3581 1021 3648 vobis
1057 3581 1102 3647 ad
1139 3581 1332 3648 meritorias

171 3673 404 3757 astringamur
425 3673 618 3756 graciarum
641 3674 806 3739 acciones.

215 3765 290 3849 690.
337 3782 357 3847 7
378 3765 446 3828 kal.
468 3764 555 3849 Aug.
579 3765 677 3851 (July
697 3765 750 3844 26,
773 3765 883 3848 1281).
929 3764 1143 3833 Alwentone.
1163 3764 1232 3844 W,
1251 3765 1488 3846 memmium

171 3856 359 3922 venerabili
395 3856 505 3933 fratri,
543 3858 663 3922 eadem
699 3858 814 3942 gracia
850 3856 1003 3924 Candide
1038 3856 1124 3925 Case
1159 3856 1331 3943 episcope,
1345 3835 1464 3929 ‘felth
1479 3856 1497 3867 ”

171 3950 320 4014 salutem
341 3954 376 4012 et
398 3949 547 4013 fraterne
568 3950 724 4016 caritatis
745 3950 949 4016 continuum
969 3951 1230 4017 incrementum.
1277 3948 1333 4015 Ad
1346 3936 1481 4039 &w

172 4038 401 4105 dedicandam
413 4040 579 4123 capellam
591 4041 633 4107 de
645 4043 768 4125 Jarum
779 4048 814 4109 et
825 4042 1115 4109 reconciliandum
1126 4040 1334 4109 cimiterium
1346 4036 1475 4129 &ff

173 4132 302 4216 capelle
317 4133 345 4216 ej
351 4132 482 4210 usdem,
502 4134 677 4218 sanguinis
689 4135 864 4214 effusione,
876 4140 918 4201 ut
930 4134 1135 4221 accepimus,
1147 4132 1332 4221 pollutum,
1346 4136 1435 4229 Ἣ

174 4225 284 4301 vobis,
308 4225 350 4288 de
371 4225 470 4310 cujus
492 4225 638 4293 sollicita
658 4227 829 4294 industria
849 4227 971 4294 intime
991 4226 1197 4295 confidimus
1216 4245 1334 4293 coram
1346 4186 1423 4281 iffa

175 4317 322 4394 Christo,
345 4317 595 4384 committimus
616 4319 709 4386 vices
729 4326 867 4387 nostras
888 4319 1086 4388 testimonio
1107 4317 1333 4407 presencium,

173 4430 261 4494 quas
289 4409 389 4494 sigilli
418 4409 527 4475 nostri
556 4410 777 4496 impressione
806 4412 950 4480 fecimus
977 4411 1193 4480 communiri.
1239 4409 1353 4477 Bene·

175 4502 290 4566 valeat
308 4501 496 4585 predilecta
514 4502 713 4579 fraternitas
729 4510 848 4571 vestra
864 4505 901 4571 in
918 4504 1080 4572 Domino.
