2994 4996
220 493 286 538 THE
310 491 473 538 REGISTER
492 491 535 538 01²
556 491 767 538 ARCHBISHOP
787 489 936 537 WILLIAM
956 485 1157 535 WICKWANE.
1206 485 1265 549 341

114 649 294 735 singulare.
341 651 461 730 Nobis,
483 651 598 737 igitur,
620 650 756 716 salubre
776 669 848 716 esse
868 647 1039 716 credimus
1058 647 1087 713 si
1103 643 1269 730 exemplis

115 748 151 807 et
167 743 308 808 monitis
324 764 386 809 vos
403 764 521 808 omnes
537 749 573 809 et
589 743 740 828 singulos
755 742 943 808 invitemus
959 739 1005 806 ad
1020 738 1190 806 orandum
1205 755 1269 822 pro

115 834 181 899 illis
203 834 248 899 ad
269 856 416 919 quorum
438 835 686 901 relevacionem
706 833 938 900 misericordia
958 838 1071 899 mater
1091 831 1211 908 instat,
1234 833 1270 893 et

115 927 207 1011 cogit
224 926 381 992 debiturn
398 927 499 993 officii
515 926 708 1012 pastoralis,
726 926 891 1011 quoniam
906 931 1024 1011 patres
1039 921 1277 991 thesaurizare*

117 1018 194 1083 filiis
222 1019 352 1104 obligat
379 1018 435 1084 lex
463 1019 591 1085 divina.
640 1020 735 1084 Inter
762 1024 893 1084 ceteros
921 1023 1039 1083 autem
1066 1014 1128 1102 qui
1154 1018 1271 1081 nostre

117 1110 354 1176 sollicitudinis
376 1112 493 1177 oculos
514 1111 549 1177 in
571 1131 607 1177 se
619 1110 775 1188 trahunt,
792 1109 922 1176 excitat
938 1130 1001 1175 nos
1021 1106 1214 1194 specialiter
1235 1109 1271 1170 et
1369 1165 1373 1181 ‚

119 1202 261 1268 inclinat
311 1203 495 1284 necessitas
545 1203 669 1268 nobilis
717 1201 879 1281 mulieris,
931 1201 1069 1267 domine
1118 1196 1272 1264 Matildis
1364 1223 1367 1237 ·

120 1295 352 1380 Lungespeye,
379 1315 458 1380 que,
489 1295 588 1360 nobis
610 1294 838 1361 existentibus
864 1293 900 1358 in
925 1292 1046 1359 Wallie
1072 1291 1210 1368 finibus,
1236 1289 1271 1354 in

120 1387 313 1471 propinquo
346 1387 445 1452 nobis
476 1387 551 1453 loco
583 1387 708 1472 posita,
742 1387 816 1451 Deo
849 1385 987 1464 devota,
1020 1391 1061 1451 ut
1094 1381 1284 1468 fidedignis-

121 1477 302 1543 didicimus
319 1478 463 1557 indiciis,
482 1478 637 1544 mortalis
655 1499 736 1544 aure
754 1478 1028 1563 inquietudinem
1046 1495 1214 1552 successu,
1232 1479 1273 1539 ut

122 1591 309 1654 speramus,
335 1570 500 1636 laudabili
525 1571 765 1637 commutavit.
812 1571 951 1650 Verum,
967 1569 1051 1655 quia
1071 1567 1168 1634 dubii
1192 1571 1273 1632 sunt

122 1662 212 1727 illius
244 1662 485 1728 decedencium
517 1662 687 1749 religionis
718 1668 875 1740 eventus,
895 1681 1055 1748 rogamus
1085 1659 1274 1733 universos,

123 1754 260 1819 ecclesie
275 1761 391 1820 nostre
405 1756 590 1840 subjectos,
606 1761 648 1821 ut
663 1774 781 1821 omnes
796 1754 861 1821 sibi
876 1753 1043 1820 obnoxios
1058 1748 1276 1818 auctoritatis

124 1846 271 1911 culmine
284 1847 339 1912 vel
351 1847 464 1912 federe
474 1846 639 1925 caritatis,
653 1847 689 1913 in
698 1846 841 1933 capituli
851 1845 924 1912 svel
935 1844 1093 1930 collegiis,
1107 1842 1278 1930 parochiis

124 1958 184 2003 seu
196 1939 503 2004 communitatibus
516 1939 669 2004 fidelium
680 1939 964 2024 quibuscumque,
987 1942 1108 2004 curent
1119 1935 1279 2002 inducere

125 2030 170 2095 ad
188 2031 469 2097 intercedendum
487 2052 549 2116 pro
568 2031 683 2097 anima
701 2029 838 2111 domine
856 2029 1062 2115 supradicte.
1098 2029 1157 2106 Et,
1175 2033 1216 2093 ut
1234 2025 1280 2093 ad

126 2124 191 2187 hoc
203 2123 404 2207 propensius
417 2122 634 2202 inclinentur,
648 2122 827 2200 universis,
841 2128 915 2188 tam
928 2120 1013 2188 alios
1025 2119 1279 2196 inducentibus,

126 2236 232 2298 quam
260 2215 426 2300 condigne
454 2215 633 2280 orantibus
659 2235 723 2301 pro
751 2214 882 2293 eadem,
911 2213 953 2279 de
980 2213 1144 2279 thesauro
1170 2210 1283 2299 gracie

127 2307 211 2389 Jesu
225 2307 361 2384 Christi,
376 2307 507 2372 meritis
519 2306 663 2392 gloriose
675 2306 834 2391 Virginis,
845 2304 964 2372 Sancti
976 2305 1108 2370 Thorne
1120 2302 1282 2380 MartiriS,
1413 2386 1416 2391 Ι

128 2398 246 2463 Sancti
262 2399 445 2477 Francisci‚
463 2420 503 2464 ac
519 2399 724 2464 Sanctorum
740 2397 895 2464 omnium
910 2396 1133 2475 confidentes,
1148 2416 1197 2463 xv
1212 2394 1285 2460 dies

129 2490 342 2575 indulgencie
353 2491 678 2575 hiis,quoscriminis
688 2490 825 2556 macula
835 2509 905 2556 non
915 2486 1286 2576 inpedit,concedimus

129 2602 191 2667 per
206 2589 392 2667 presentes,
440 2583 482 2647 In
497 2583 597 2668 cujus
612 2582 670 2661 rei,
688 2586 771 2648 etc.1
1487 2636 1492 2649 .

173 2692 248 2758 933.
295 2690 314 2755 5
338 2675 407 2739 kal.
432 2674 524 2752 Maii,
549 2695 651 2753 anno,
675 2680 753 2753 eto,
779 2673 890 2761 (April
911 2691 966 2759 27,
992 2672 1102 2757 1286).
1139 2672 1285 2738 Lanum.
1300 2690 1385 2735 rese

131 2764 339 2850 Indulgence
377 2767 466 2831 from
505 2766 711 2852 archbishop
749 2765 844 2850 john
882 2765 1072 2844 Romanus,
1111 2771 1150 2831 to
1188 2764 1288 2830 those
1374 2842 1381 2859 ·
1435 2840 1440 2847 Ι

132 2857 278 2942 praying
293 2858 347 2923 ior
363 2859 423 2922 the
439 2858 514 2923 soul
531 2858 568 2923 oi
583 2857 667 2944 lady
683 2857 877 2924 Christiana
893 2858 1013 2936 Ledet,
1029 2857 1168 2935 mother
1182 2857 1219 2922 of
1234 2854 1289 2922 Sir

133 2948 264 3013 Gerard
279 2949 320 3013 de
335 2950 542 3015 Fumivalle.
589 2950 661 3015 Her
674 2949 770 3036 body
782 2971 853 3016 was
866 2949 989 3016 buried
1001 2949 1119 3015 before
1132 2949 1192 3014 the
1205 2947 1289 3033 high

134 3041 224 3105 altar
242 3041 278 3105 in
299 3042 358 3106 the
378 3042 495 3128 priory
514 3043 551 3108 01
570 3041 789 3128 Byssemede,
811 3041 954 3109 Lincoln
973 3041 1118 3120 diocese,
1138 3039 1209 3107 and
1228 3039 1292 3106 her

133 3134 232 3197 heart
254 3133 290 3198 in
313 3135 372 3199 the
395 3135 501 3199 house
524 3135 561 3200 of
582 3134 643 3200 the
665 3134 854 3222 Preaching
876 3134 991 3201 Friars
1012 3139 1051 3200 at
1073 3130 1288 3221 Cambridge.

136 3225 211 3307 (See
229 3225 430 3291 Romanus’s
448 3226 605 3312 Register,
625 3227 671 3292 10.
691 3230 737 3312 7).

179 3335 253 3402 934.
300 3317 370 3384 Suo
400 3318 530 3385 decano
561 3318 604 3384 de
634 3317 813 3384 Herthille.
860 3316 1147 3385 Cum-Dominus
1175 3321 1293 3383 noster
1305 3324 1387 3389 ’11111

136 3409 343 3488 Altissimus,
370 3430 483 3476 rerum
508 3410 664 3476 omnium
689 3409 874 3495 dispositor
897 3408 1064 3496 providus
1086 3414 1123 3474 et
1146 3413 1292 3487 creator,

136 3500 305 3565 decimam
349 3509 486 3587 partem
530 3502 779 3588 terrigenorum
823 3502 1002 3575 fructuum
1044 3499 1111 3567 sibi
1153 3498 1293 3585 suisque
1306 3496 1446 3591 w}

136 3593 300 3658 ministris
328 3594 364 3659 in
391 3595 527 3679 signum
554 3593 757 3660 universalis
783 3593 927 3659 dominii
958 3592 1064 3659 libere
1092 3590 1293 3671 reservavit,
1306 3596 1443 3691 mn

138 3685 222 3749 dum
250 3705 376 3750 novem
405 3692 521 3771 partes
549 3685 739 3751 cultoribus
767 3685 976 3772 amplissime
1002 3684 1195 3773 largiretur,
1223 3698 1450 3751 nonnum

139 3778 268 3861 absque
285 3777 533 3862 ingratitudine
550 3777 696 3843 notabili
712 3777 748 3842 in
765 3777 955 3844 Dominum
970 3776 1109 3844 seviunt
1124 3775 1187 3863 qui
1201 3776 1296 3843 hunc
1306 3748 1459 3893 {¹me

138 3889 278 3933 censum
303 3890 404 3934 suum
428 3869 640 3935 subtrahunt
664 3889 725 3935 seu
749 3869 935 3955 quominus
956 3867 1063 3936 libere
1085 3848 1400 3965 percipiatur&

139 3982 160 4025 a
203 3960 273 4025 suis
317 3968 425 4046 agunt
469 3961 552 4027 alias
596 3960 844 4040 fraudulenter,
888 3960 1045 4029 divinam
1086 3960 1124 4027 in
1165 3958 1296 4047 seipsos

138 4052 377 4117 miserabiliter
405 4053 588 4118 excitando
617 4053 810 4120 vindictam
837 4072 906 4139 que
934 4052 980 4121 ad
1007 4050 1296 4139 dampnacionem

139 4150 353 4229 perpetuam,
374 4145 439 4210 nisi
459 4144 673 4231 resipuerint,
693 4151 819 4231 parata
836 4151 901 4225 est,
919 4144 1028 4231 proch
1046 4144 1155 4225 dolor,
1174 4149 1297 4211 contra

141 4257 198 4301 eos
210 4256 297 4320 quos
309 4237 418 4302 eciam
430 4238 493 4303 hec
505 4237 646 4303 ccclesia
656 4236 810 4303 militans
820 4235 1009 4323 spiritualis
1018 4236 1125 4325 gladii
1134 4255 1298 4304 mucrone

140 4328 367 4413 persequitur,
410 4330 484 4395 lata
526 4329 701 4396 sentencia
742 4348 840 4397 sacro
881 4328 1041 4417 synodali
1081 4328 1299 4417 approbante

173 4469 232 4518 1Fo.
248 4470 283 4517 93
304 4469 326 4517 is
339 4485 357 4518 a
370 4470 508 4532 fragment
522 4470 713 4548 eommencing
728 4470 897 4521 “Bouorum
908 4484 964 4561 que
979 4474 1075 4521 noem
1086 4468 1265 4523 administre-

505 4550 578 4586 cronr
590 4537 687 4588 divina
699 4536 843 4596 concessit,
857 4541 911 4589 etc.
