3038 5002
268 465 308 528 72
385 465 450 511 THE
474 466 635 512 REGISTER
656 467 698 512 OF
720 467 930 512 ARCHBISHOP
951 466 1098 512 WILLIAM
1120 467 1319 514 WlCKWANE.

267 641 354 697 mus,
366 625 400 684 et
410 621 648 705 pertinendam
660 641 719 685 seu
730 621 965 706 spectandam,
976 621 1021 685 ad
1032 622 1260 706 provisionem
1270 629 1423 688 nostram

270 719 304 776 et
326 732 557 777 successorum
578 713 776 797 hujusmodi
797 713 1050 797 imperpetuum
1072 720 1189 778 tenore
1210 716 1423 799 presencium

270 803 477 869 ordinamus,
525 804 621 869 Prior
651 805 758 869 eciam
790 811 824 869 et
867 811 1056 869 conventus
1098 805 1140 869 de
1182 807 1423 890 procuracione

105 923 223 965 canossa
270 895 499 960 archidiaconi
539 902 573 960 et
613 896 835 980 synodalibus
874 903 1040 981 perpetuo
1081 898 1346 982 respondebunt,
1388 906 1423 964 et

105 986 207 1074 ξξζοω,
269 988 408 1052 cuilibet
425 988 562 1064 vicario,
576 989 636 1072 qui
651 1009 713 1073 pro
726 995 879 1073 tempore
891 989 938 1053 ibi
949 989 1062 1066 fuerit,
1075 1011 1123 1053 xx
1138 989 1263 1054 solidos
1279 991 1422 1074 argenti,

105 1075 257 1175 {flffigthe
270 1080 304 1143 in
323 1080 419 1144 festis
437 1079 552 1144 Sancti
571 1080 709 1145 Martini
726 1081 762 1143 in
779 1081 902 1165 hyeme
917 1086 951 1145 et
965 1081 1193 1158 Pentecostes,
1207 1102 1268 1166 per
1285 1083 1422 1167 equales

105 1175 225 1276 {2⁶21va
270 1172 445 1254 porciones
468 1172 674 1255 persolvent,
698 1172 835 1236 nomine
859 1192 971 1236 annue
994 1178 1029 1236 et
1052 1179 1216 1257 perpetue
1239 1174 1420 1257 pensionis

105 1255 256 1366 maggi-
271 1261 317 1328 Et
334 1263 478 1347 predicti
494 1264 586 1348 prior
602 1270 636 1328 et
653 1270 843 1328 conventus
859 1263 1013 1348 predicto
1029 1264 1156 1329 vicario
1173 1271 1208 1329 et
1224 1266 1421 1330 successori-

106 1356 183 1425 mene'‚
194 1338 247 1426 etcff
269 1356 334 1420 bus
349 1355 419 1420 suis
434 1376 496 1440 pro
512 1356 606 1420 libris
622 1361 657 1419 et
673 1356 883 1420 ornamentis
899 1356 1004 1440 ipsius
1020 1356 1157 1420 ecclesie
1173 1357 1371 1441 reparandis
1387 1365 1421 1422 et

269 1447 476 1512 sustinendis
498 1447 693 1532 persolvent
715 1447 760 1512 ad
783 1448 1008 1512 Pentecosten
1030 1454 1065 1512 et
1088 1448 1132 1512 ad
1155 1449 1281 1513 festum
1304 1448 1421 1514 Sancti

270 1539 409 1604 Martini
440 1540 475 1603 in
507 1541 630 1624 hyeme
662 1539 707 1624 iiij
744 1539 868 1604 solidos
900 1560 962 1624 pro
994 1539 1173 1624 equalibus
1204 1541 1422 1625 porcionibus

270 1631 460 1708 annuatim,
478 1637 513 1696 et
538 1631 619 1696 iiiid.
638 1631 743 1696 annui
768 1631 922 1696 redditus
938 1630 983 1695 ad
1008 1632 1144 1696 eosdem
1170 1633 1335 1696 terminos
1359 1654 1422 1717 pro

269 1724 485 1808 porcionibus
512 1723 700 1807 equalibus
729 1744 791 1808 pro
818 1723 949 1808 ceragio
977 1723 1152 1808 Radulphi
1179 1723 1238 1788 filii
1266 1724 1422 1809 Hugonis

269 1821 304 1879 et
330 1815 494 1879 heredum
513 1835 663 1892 suorum,
685 1814 727 1879 de
749 1815 901 1899 quadam
927 1821 1018 1879 terra
1040 1815 1075 1879 in
1099 1814 1284 1880 Westcroft
1315 1836 1422 1900 quarn

270 1905 474 1991 Radulphus
510 1907 678 1992 presbiter
714 1907 899 1992 aliquando
937 1907 1058 1971 tenuit.
1105 1907 1153 1971 Et
1190 1908 1298 1971 eciam
1335 1927 1422 1973 onus

269 1999 408 2063 cancelli
442 1998 661 2063 construendi
693 2019 753 2063 seu
787 1998 967 2083 reparandi
1011 1999 1231 2063 sustinebunt
1275 1999 1422 2083 predicti

268 2091 360 2175 prior
386 2096 420 2155 et
448 2097 648 2167 conventus
677 2091 838 2175 quociens
865 2091 1034 2155 cancellus
1061 2091 1103 2154 de
1129 2111 1220 2154 novo
1248 2091 1339 2156 refici
1366 2092 1421 2155 vel

268 2183 420 2247 construi
456 2183 648 2266 indiguerit.
696 2182 793 2246 Idem
830 2202 911 2246 vero
947 2182 1040 2267 prior
1075 2188 1110 2246 et
1147 2189 1347 2260 conventus
1386 2189 1428 2247 et-

268 2273 441 2358 predictus
470 2274 627 2351 vicarius
668 2274 710 2337 de
749 2274 908 2338 oneribus
941 2273 1219 2338 extraordinariis
1250 2295 1312 2358 pro
1345 2281 1421 2339 rata

267 2367 466 2450 porcionum
489 2386 628 2430 suarum
650 2372 816 2450 perpetuo
839 2365 1104 2450 respondebunt.
1152 2364 1260 2430 Nobis
1282 2387 1363 2430 vero
1386 2373 1421 2431 et

266 2457 515 2522 successoribus
560 2458 685 2522 nostris
732 2463 941 2541 potestatem
995 2477 1207 2522 reservamus
1259 2457 1420 2533 addendi,

266 2549 435 2626 mutandi,
453 2548 639 2624 minuendi,
659 2549 857 2633 corrigendi,
877 2549 1083 2626 declarandi,
1107 2549 1356 2633 interpretandi
1386 2549 1421 2613 in

265 2642 436 2725 premissis
446 2647 480 2705 et
493 2641 632 2724 singulis
643 2641 1211 2725 premissorum,quocienscumque
1223 2647 1258 2705 et
1267 2641 1421 2725 quando·

266 2753 412 2817 cumque
428 2733 526 2797 nobis
543 2736 592 2814 [et
610 2733 859 2797 successoribus
877 2733 1032 2813 nostris]1
1046 2732 1220 2797 videbitur
1238 2733 1397 2817 expedire
1413 2756 1420 2810 ;

266 2831 301 2889 et
320 2831 393 2890 tam
407 2825 587 2909 religiosos„
600 2845 706 2909 quam
729 2825 894 2888 vicarium
907 2824 968 2908 qui
987 2844 1049 2907 pro
1062 2831 1215 2908 tempore
1229 2824 1342 2899 fuerit,
1362 2845 1423 2909 per

266 2918 441 2981 fructuum
462 2916 568 3000 ipsius
589 2916 726 2980 ecclesie
747 2915 789 2979 de
811 2916 946 3000 Marsey
966 2916 1277 2999 sequestracionem
1299 2922 1333 2980 et
1355 2915 1422 2981 alio

266 3028 482 3093 quocumque
514 3006 628 3085 modo,
661 3013 764 3091 prout
796 3007 895 3071 nobis
927 3007 982 3071 vel
1013 3007 1264 3072 successoribus
1296 3008 1422 3072 nostris

266 3100 442 3183 placuerit,
467 3099 512 3163 ad
536 3099 794 3163 observanciam
818 3099 1059 3183 premissorum
1084 3105 1119 3163 et
1143 3099 1354 3183 singulorum
1379 3099 1421 3163 de

265 3192 446 3276 premissis
469 3211 686 3275 quocumque
707 3197 861 3274 tempore
877 3189 1101 3275 compellendi
1123 3191 1253 3274 absque
1274 3191 1421 3275 strepitu

264 3283 418 3368 judiciali
435 3303 652 3367 quocumque
668 3304 676 3360 ;
709 3282 764 3346 cui
780 3289 897 3366 partes
913 3282 993 3347 hinc
1009 3282 1088 3346 inde
1105 3303 1167 3366 pro
1184 3303 1220 3346 se
1238 3288 1273 3347 et
1289 3302 1420 3347 succes-

265 3376 397 3439 soribus
411 3375 480 3439 suis
495 3374 738 3442 renunciarunt
753 3374 902 3438 omnin0.
950 3374 1144 3458 Ingressum
1160 3380 1277 3438 autem
1292 3374 1417 3439 eisdem

165 3503 197 3543 ng
265 3467 425 3551 religiosis
471 3467 506 3530 in
541 3466 716 3531 ecclesiam
760 3465 971 3530 antedictam
1006 3465 1194 3530 seeundum
1229 3466 1349 3530 seriem
1385 3473 1420 3531 et

263 3559 497 3623 substanciam
521 3563 747 3622 memoratam
771 3558 920 3642 graciose
943 3557 1183 3634 concedimus3
1231 3557 1420 3622 dummodo

264 3650 521 3715 archidiaconus
546 3650 622 3726 loci,
649 3650 704 3713 vel
730 3650 804 3733 ejus
830 3647 992 3726 officialis,
1020 3649 1244 3733 personaliter
1269 3649 1417 3726 affuerit,

263 3749 298 3807 et
309 3743 365 3827 jus
376 3743 441 3807 sibi
452 3743 587 3807 salvum
599 3741 633 3805 in
646 3741 797 3824 ingressu
809 3741 926 3805 videat
939 3747 973 3805 et
986 3747 1160 3825 agnoscat,
1173 3747 1208 3805 et
1220 3741 1419 3825 hujusmodi

262 3834 403 3919 pietatis
437 3840 552 3898 nostre
587 3833 642 3917 pie
677 3853 712 3897 se
747 3833 890 3917 prebeat
926 3833 960 3896 in
996 3839 1197 3897 contestem.
1244 3831 1347 3897 Salvo
1383 3833 1418 3896 in

262 3926 434 4011 premissis
459 3925 595 3990 ecclesie
620 3930 736 3989 nostre
761 3925 986 3989 Eboracensis
1011 3925 1086 4009 jure
1110 3945 1248 4008 semper·
1268 3930 1303 3988 et
1328 3924 1418 3988 sedis

263 4018 416 4103 ejusdem
440 4017 618 4102 dignitate.
665 4017 797 4081 Datum
821 4023 855 4080 et
880 4022 997 4080 actum
1021 4015 1062 4080 de
1087 4036 1253 4080 consensu
1276 4016 1419 4100 capituli

262 4111 370 4175 nostri
388 4109 622 4174 Eboracensis.

305 4245 325 4307 3
351 4226 428 4290 idus
444 4225 533 4302 Oct,
561 4224 650 4306 (Oct.
673 4228 738 4306 13),
758 4224 853 4302 1280,
870 4245 960 4289 anno
977 4243 1008 4291 2.
1041 4226 1207 4289 Martone.
1237 4225 1419 4290 Institucio

263 4318 390 4383 vicarii.
446 4316 645 4394 Willelmus,
661 4321 738 4394 etc,
754 4315 923 4381 Willelmo
937 4317 980 4380 de
1004 4317 1200 4401 Langetoft‚
1216 4316 1416 4401 presbitero,

745 4457 827 4506 From
841 4458 876 4505 to.
896 4457 952 4505 178.
