2994 4996
279 447 319 508 80
381 462 447 508 THE
469 462 632 508 REGlSTER
653 462 695 507 OF
716 461 927 507 ARCHBISHOP
947 461 1096 506 WILLIAM
1117 461 1330 508 WICKWAINE.

280 636 347 700 que
372 616 445 700 jam
471 616 631 680 novimus
657 615 875 699 reparacione
901 614 1083 698 multiplici
1109 614 1269 700 indigere.
1316 616 1439 682 Atten-

279 708 400 772 dentes
416 707 521 791 quod,
540 707 697 771 adhibita
713 707 885 791 exquisita
902 706 1092 790 diligencia,
1110 707 1321 791 inquiremus
1338 730 1440 794 super

279 800 475 863 nominibus
500 819 618 863 veram
649 799 830 863 caritatem
861 804 896 862 et
928 798 1145 862 concordiam
1177 800 1439 865 confovencium

280 891 384 955 interl
401 892 534 967 tratres,
552 896 586 954 et
602 911 669 974 que
684 890 761 974 paci
776 895 811 954 et
827 890 955 954 unitati
970 896 1052 954 sunt
1069 891 1240 955 contraria
1255 912 1439 975 procuran-

280 983 371 1046 cium
405 983 615 1067 inportune2‚
650 982 776 1066 quibus
808 982 910 1065 juxta
944 981 1105 1045 meritum
1139 1002 1200 1046 seu
1233 982 1438 1048 demeritum

281 1074 528 1157 impendemus,
569 1074 698 1157 absque
737 1072 1010 1138 dissimulacione
1038 1073 1206 1157 qualibet,
1232 1075 1326 1158 quod
1364 1096 1438 1160 per-

280 1166 498 1250 penderimus
527 1166 598 1230 fore
627 1165 779 1250 dignum.
827 1165 908 1229 Dat.
934 1165 1027 1248 apud
1051 1164 1205 1243 Cawode,
1224 1172 1288 1230 etc.

324 1272 398 1339 255.
446 1258 497 1322 Id.
520 1256 645 1342 Aprilis
667 1256 777 1341 (April
799 1260 865 1338 13),
889 1256 983 1322 1282.
1032 1257 1195 1321 Burtone.
1242 1257 1438 1323 Admission

280 1349 349 1414 and
366 1349 563 1414 institution
580 1350 616 1413 of
632 1347 763 1413 Walter
779 1348 821 1412 de
839 1349 940 1433 Lego,
958 1348 1165 1426 subdeacon,
1183 1349 1218 1412 in
1236 1351 1295 1414 the
1312 1351 1440 1416 church

280 1442 316 1505 of
335 1440 636 1525 Cortelingstocke,
660 1440 739 1505 “ad
758 1440 1051 1525 presentacionem
1071 1441 1226 1524 magistri
1245 1441 1376 1506 Thome
1396 1443 1438 1506 de

280 1533 440 1610 Eadbire,
457 1533 687 1617 procuratoris
708 1532 829 1617 prioris
841 1532 883 1596 de
898 1531 1062 1609 Lentone,
1076 1533 1221 1615 speciale
1233 1534 1438 1599 mandatum

280 1625 439 1689 habentis
480 1625 525 1689 ad
565 1624 730 1689 beneficia
770 1623 997 1688 ecclesiastica
1037 1630 1243 1707 patronatus
1283 1626 1438 1710 ejusdem

281 1737 430 1781 unacum
465 1722 639 1781 conventu
673 1736 746 1793 su0,
782 1736 861 1779 cum
896 1715 1107 1793 vacaverint,
1132 1718 1363 1800 presentandi‚
1400 1739 1440 1782 ac

282 1809 436 1893 ejusdem
451 1808 517 1873 loci
534 1808 759 1873 conventus.”

118 1880 251 1973 illidit
326 1899 399 1981 256.
447 1898 536 1965 Non.
562 1899 643 1964 Maii
668 1899 762 1984 (May
793 1902 839 1982 7).
871 1898 965 1964 1282.
1025 1899 1189 1963 Burtone.
1237 1900 1337 1984 Quod
1357 1922 1438 1967 usus

118 1981 242 2072 {ffiff
282 1992 506 2057 Eboracensis
520 1998 688 2056 teneatur.
710 1990 779 2056 Suo
792 1991 921 2055 decano
934 1990 976 2054 de
993 1990 1223 2069 Retteiorde³,
1238 1999 1301 2056 etc.
1344 1993 1439 2058 Licet

118 2086 198 2123 Μ’
211 2080 255 2121 ²¹¹⁶
282 2084 317 2148 in
344 2089 479 2149 statuto
506 2088 624 2148 nostro
652 2082 809 2167 synodali
836 2082 1022 2147 statuendo
1049 2082 1320 2148 ordinaverimus
1347 2085 1441 2169 quod

118 2131 269 2222 {illim
283 2195 364 2240 usus
391 2175 616 2240 Eboracensis
643 2175 678 2238 in
705 2175 845 2258 singulis
872 2173 1124 2259 parochialibus
1152 2175 1299 2240 ecclesiis
1325 2183 1440 2241 nostre

118 2232 159 2322 31⁰³
151 2243 227 2371 diff
237 2284 260 2322 to
283 2267 437 2352 dyocesis
466 2267 716 2344 observaretur,
747 2267 798 2330 ita
826 2266 920 2350 quod
949 2265 1038 2330 inira
1067 2286 1197 2330 annum
1226 2268 1439 2345 continuum,

119 2343 246 2442 {iiiam
283 2380 304 2423 a
336 2365 480 2424 statuto·
503 2358 701 2442 hujusmodi
733 2357 996 2435 numerandum,
1029 2378 1090 2442 per
1121 2358 1271 2443 singulos
1296 2367 1442 2425 rectores

119 2432 249 2522 §mh
283 2458 317 2516 et
334 2451 479 2515 vicarios
495 2450 537 2514 de
551 2450 646 2514 libris
662 2470 743 2514 usus
759 2449 913 2534 ejusdem
929 2449 1167 2534 provideretur
1182 2457 1417 2535 competenter
1432 2475 1439 2529 ;

119 2533 142 2573 ⁹¹
152 2533 216 2572 Μ·
283 2543 512 2608 communiter
524 2548 641 2606 tamen
656 2542 841 2626 reperimus
854 2541 889 2604 in
903 2541 1183 2606 archidiaconatu
1197 2542 1441 2627 Notinghamie

283 2635 437 2719 predicto
454 2634 590 2699 decreto
606 2640 724 2698 nostro
740 2633 880 2696 minime
895 2633 1047 2717 paritum
1063 2633 1228 2698 extitisse.
1262 2635 1439 2718 Quamvis

284 2727 397 2811 igitur,
426 2726 697 2791 inobedienciam
724 2745 793 2789 non
820 2724 1018 2809 parencium
1045 2745 1221 2809 possemus
1249 2747 1291 2790 ex
1318 2728 1441 2791 merito

284 2819 445 2883 canonice
475 2818 662 2894 cohercere,
694 2817 848 2880 volentes
880 2823 997 2880 tamen
1028 2816 1116 2880 clero
1147 2817 1301 2901 ejusdem
1333 2819 1441 2883 archi-

284 2910 486 2975 diaconatus
512 2910 610 2974 nobis
637 2909 776 2973 subdito
803 2908 996 2972 continuati
1022 2908 1150 2972 favoris
1176 2909 1336 2986 benivoli,
1364 2931 1440 2995 pro-

284 3008 403 3086 rogato
426 3001 589 3086 temporis
611 3001 737 3085 spacio,
760 3000 909 3084 graciam
931 3000 1111 3083 impartiri,
1139 3001 1203 3065 tibi
1236 3002 1442 3066 mandamus

283 3094 447 3178 quatinus
484 3094 611 3158 clerum
648 3092 841 3177 predictum
878 3112 939 3176 per
974 3092 1107 3175 singula
1144 3093 1296 3176 capitula
1333 3095 1440 3158 archi-

284 3186 487 3250 diaconatus
519 3184 763 3268 Notinghamie
796 3204 935 3247 moneas
968 3190 1002 3247 et
1035 3184 1165 3247 moneri
1198 3185 1313 3261 iacias,
1347 3186 1441 3270 quod

284 3278 373 3342 infra
391 3297 520 3341 annum
540 3297 582 3340 ex
600 3296 692 3340 nunc
710 3276 912 3340 continuum
931 3275 973 3338 de
991 3275 1085 3339 libris
1104 3296 1185 3340 usus
1204 3276 1439 3355 EboracensiS‚

284 3369 414 3453 absque
447 3368 721 3433 dissimulacione
755 3367 920 3451 qualibet,
967 3367 1031 3431 sibi
1076 3367 1216 3431 studeat
1260 3367 1442 3433 efficaciter

283 3461 462 3546 providere
477 3483 484 3538 ;
515 3460 725 3524 denuncians
740 3459 866 3523 eisdem
881 3458 975 3542 quod
998 3465 1136 3535 extunc,
1152 3459 1180 3523 si
1196 3480 1253 3523 eos
1275 3461 1442 3525 inveneri-

282 3573 360 3617 mus
375 3559 605 3629 contumaceS‚
623 3558 794 3634 quatenus
809 3552 942 3635 justum
958 3550 1072 3627 fuerit,
1089 3551 1312 3634 procedemus
1328 3552 1443 3617 debite

283 3651 404 3710 contra
414 3665 482 3709 eos.
522 3644 626 3708 Porro
642 3640 1021 3731 sequestra,{occasi0ne
1037 3642 1236 3726 hujusmodi
1251 3644 1286 3708 in
1302 3644 1441 3729 quibus-

283 3757 430 3820 cumque
444 3735 591 3800 ecclesiis
604 3735 728 3819 posita,
744 3734 888 3799 relaxari
901 3734 1061 3798 volumus
1076 3756 1083 3810 ;
1112 3740 1157 3811 et,
1172 3735 1200 3798 si
1214 3756 1284 3818 qua
1296 3736 1442 3820 pecunia

284 3829 326 3892 de
345 3828 528 3912 sequestris
547 3827 629 3912 ipsis
648 3847 708 3910 per
726 3827 900 3890 ministros
918 3831 1053 3890 nostros
1072 3833 1210 3910 recepta
1229 3827 1343 3906 fuerit,
1363 3848 1440 3893 eam

283 3921 348 3984 hiis
379 3941 400 3984 a
430 3920 556 4004 quibus
587 3925 724 4003 recepta
754 3918 858 3982 tuerit
890 3917 1024 3982 restitui
1055 3918 1261 4002 precipimus
1293 3919 1327 3983 in
1359 3939 1441 3984 usus

283 4013 448 4077 librorum
463 4032 610 4096 quorum
626 4011 844 4074 meminimus
859 4009 1138 4074 convertendam.
1426 4044 1443 4079 a

121 4116 158 4157 1²0·
169 4116 215 4158 ¹⁷⁹·
283 4104 402 4193 ψῃ.
450 4102 710 4168 Memorandum
741 4102 835 4186 quod
865 4101 918 4165 ix⁰
940 4101 1007 4165 kal.
1031 4101 1120 4166 Νον.
1146 4100 1235 4184 (Oct.
1260 4107 1327 4185 24),
1351 4124 1441 4167 anno

121 4215 228 4256 uoaoeof
283 4196 394 4281 gracie
425 4195 530 4259 M⁰cc⁰
561 4194 768 4278 octogesimo
798 4193 920 4278 prim0‚
953 4193 1046 4277 apud
1077 4192 1233 4271 Cawode,
1265 4196 1441 4260 emanavit

121 4264 263 4366 ἧᾞῗοῗ
283 4289 399 4353 littera
417 4288 462 4351 ad
480 4286 692 4351 visitandum
710 4292 745 4351 et
763 4284 1006 4369 inquirendum
1026 4284 1119 4368 apud
1136 4285 1371 4370 Thurgertone
1390 4286 1444 4350 die

122 4366 202 4416 my·
390 4401 504 4466 1sup0r.
542 4401 653 4451 correct
666 4413 702 4448 on
719 4400 795 4449 neu.
1027 4399 1219 4463 ²1mportune·
1260 4401 1331 4452 lbid·
1429 4463 1437 4469 .

728 4466 891 4515 ’Rettordc
931 4465 1003 4515 lbid.
