2994 4996
239 464 298 543 196
349 482 416 526 THE
437 482 601 527 REGISTER
621 483 664 527 OF
684 480 895 527 ARCHBISHOP
916 479 1064 525 WILLIAM
1086 479 1288 526 WICKWANE.

239 641 333 725 gium
365 640 601 724 consurgimus
633 640 698 704 hiis
730 639 862 717 diebus
896 660 965 723 quo
981 659 1044 704 vos
1071 639 1162 724 ipsos
1178 645 1402 724 vestramque

240 733 488 797 conscienciam
509 731 709 796 medullitus
730 732 843 816 tangit
864 731 959 815 quod
980 732 1199 816 concepimus
1220 752 1403 816 suggeren-

241 825 335 890 dum.
383 825 499 889 Ubera
513 825 603 888 enirn
618 830 734 888 nostre
748 823 973 888 Eboracensis
988 824 1125 889 ecclesie
1140 824 1401 908 aliquantisper,

242 918 331 982 sicut
354 917 458 994 scitis,
483 916 655 1000 recepitisl
673 922 708 980 et
724 915 971 999 amplectimini
993 915 1121 1000 jugiter
1142 916 1178 980 in
1194 917 1402 994 fomentum,

243 1030 306 1073 nec
338 1009 442 1073 matri
476 1009 604 1092 poterit
638 1008 764 1085 deesse,
799 1008 864 1072 nisi
897 1028 976 1072 curn
1010 1008 1107 1092 gravi
1140 1007 1402 1093 ingratitudine,

79 1145 185 1186 Whenh,
243 1101 347 1185 prolis
372 1101 491 1165 debita
516 1100 766 1184 promptitudo
814 1100 913 1177 Ecce,
939 1100 1054 1184 igitur,
1080 1105 1180 1185 pater
1205 1101 1403 1179 reverende,

79 1206 221 1245 w³⁵1>¹⁰v⁰⁵·
244 1193 327 1258 dum
345 1213 455 1276 nuper
472 1193 726 1277 suffraganeum
744 1213 871 1269 meum,
890 1192 1018 1256 clerum
1036 1198 1071 1256 et
1088 1192 1256 1276 populum
1274 1192 1405 1257 Dunel-

79 1246 116 1296 ing
127 1249 150 1285 to
160 1246 212 1284 visit

81 1298 118 1336 the
129 1297 212 1335 diocese
244 1285 370 1349 mensis
391 1285 556 1369 dyocesis,
579 1284 621 1348 de
642 1285 717 1368 jure
738 1284 912 1348 communi
934 1283 1190 1368 disponeremus
1211 1284 1406 1369 provincia-

81 1348 103 1386 οἱ
116 1347 220 1394 Durham,

82 1397 119 1436 the
131 1397 208 1444 bishop
244 1379 323 1442 liter
347 1384 381 1442 et
407 1377 534 1441 affectu
558 1376 713 1441 viscerali
737 1376 888 1454 visitare,
915 1397 955 1440 ac
978 1382 1114 1441 nostras
1138 1376 1406 1460 premunicionis

81 1446 214 1537 {iiiiii
245 1470 379 1534 litteras
427 1489 487 1552 per
522 1469 596 1533 lata
632 1474 828 1552 temporum
864 1468 1144 1551 promitteremus
1190 1469 1405 1546 intersticia3

246 1561 360 1638 nichil,
380 1561 534 1645 inquam,
555 1566 736 1644 querentes
755 1560 811 1624 vel
829 1560 1000 1625 sitientes2
1020 1560 1084 1625 nisi
1103 1580 1170 1644 que
1190 1560 1235 1624 ad
1264 1559 1406 1625 laudern

246 1653 433 1718 existerent
458 1652 700 1737 Redemptoris
725 1658 852 1736 etque
877 1651 923 1717 ad
948 1651 1219 1717 destruccionem
1244 1652 1406 1718 cederent

246 1746 424 1822 viciorum,
447 1744 539 1808 idern
560 1745 806 1828 suffraganeus,
830 1765 851 1808 a
871 1744 1122 1827 significacione
1144 1751 1179 1809 et
1200 1744 1332 1809 virtute
1353 1744 1407 1809 sui
1436 1771 1438 1779 ·

247 1837 394 1901 nominis
410 1837 606 1920 discrepans
622 1843 657 1901 et
684 1836 843 1914 delirans,
872 1842 987 1900 nostre
1015 1836 1226 1901 visitacionis
1255 1836 1406 1902 officium

248 1930 410 1994 effronter
423 1935 457 1993 et
470 1929 601 1993 cervice
613 1928 772 2012 superba,
786 1928 822 1992 in
835 1928 1001 1992 offensam
1015 1928 1079 1992 Dei
1092 1934 1127 1992 et
1140 1928 1407 2013 metropolitane

248 2021 385 2086 ecclesie
409 2027 525 2086 nostre
549 2020 784 2097 Eboracensis,
810 2020 864 2084 die
888 2020 1082 2085 visitacioni
1106 2020 1247 2104 prefixo,
1272 2021 1408 2085 subter-

248 2114 381 2198 fugiens
408 2113 538 2197 respuit
565 2118 600 2176 et
626 2112 846 2196 contempsit,
873 2112 909 2175 in
935 2132 998 2178 nos
1023 2112 1183 2196 nequiter
1209 2118 1244 2176 et
1270 2113 1407 2177 notorio

249 2205 358 2290 plebis
392 2205 554 2269 seviciam
585 2225 646 2288 per
675 2225 711 2268 se
741 2210 776 2268 et
807 2204 989 2288 complices
1030 2204 1248 2282 concitand0,
1280 2209 1315 2269 et
1345 2225 1407 2289 per

249 2298 413 2362 clamores
430 2297 533 2362 falsos
549 2303 585 2361 et
600 2296 744 2361 ficticios
772 2296 807 2360 in
836 2302 1081 2380 prepotentum
1098 2297 1200 2362 curiis
1216 2302 1251 2361 et
1266 2296 1408 2381 palaciis

249 2391 379 2455 famam
405 2396 560 2454 nostram
584 2389 712 2453 lacerat
739 2394 774 2453 et
799 2388 970 2465 diffamat,
996 2388 1056 2472 qui
1082 2389 1186 2453 nichil
1212 2389 1409 2473 appetimus

249 2482 314 2547 nisi
336 2481 520 2546 Christum.
567 2480 669 2565 Quid,
691 2480 806 2565 igitur,
829 2480 920 2545 tanti
941 2480 1074 2545 rebellis
1094 2481 1257 2546 meruerit
1277 2486 1408 2564 proter·

87 2556 121 2594 He
130 2566 178 2594 now
188 2553 237 2592 asks
277 2575 282 2585 ·

86 2607 120 2645 for
131 2606 181 2663 aaa
194 2604 237 2642 ana
250 2581 352 2650 vrtaS,
366 2573 511 2656 pater,si
524 2573 648 2657 placet,
659 2572 705 2636 ad
717 2572 957 2638 consistorium
970 2573 1132 2638 recurrite
1144 2574 1270 2639 mentis
1283 2579 1408 2651 vestre,

86 2659 238 2746 {fflfissnffuse
251 2672 285 2730 et
297 2666 407 2742 nobiS,
418 2666 445 2730 si
456 2665 580 2749 placet,
597 2665 681 2749 quin
694 2664 813 2748 pocius
825 2665 899 2728 Deo
911 2671 946 2728 et
957 2665 1132 2730 communi
1144 2665 1281 2730 ecclesie
1293 2671 1410 2730 nostre

86 2756 165 2796 nube
252 2759 470 2834 Eboracensi,
502 2757 683 2822 efficaciter
712 2757 895 2841 exsurgite,
926 2763 961 2822 et
990 2757 1122 2822 viscera
1150 2757 1345 2841 pretendite
1373 2757 1410 2821 in

87 2805 232 2905 {ilitio
252 2871 461 2927 succursum,
477 2856 517 2914 ut
532 2850 567 2913 in
582 2849 637 2914 die
651 2849 794 2914 ulcionis
809 2855 844 2913 et
858 2848 1010 2914 vindicte
1025 2849 1202 2914 victricem
1216 2870 1360 2914 manum
1373 2849 1410 2913 in

87 2910 238 2997 ffigfcffi
252 2943 427 3007 communi
459 2947 621 3025 compoto
653 2941 867 3026 conjunctim
900 2947 935 3006 et
967 2942 1196 3006 communiter
1227 2941 1408 3007 evitemus.

252 3035 356 3111 Assit,
375 3035 494 3112 eciam,
511 3034 611 3099 nobis
627 3039 744 3098 vestra
760 3033 818 3116 pia
834 3033 1017 3119 proteccio,
1035 3054 1078 3098 ne
1095 3055 1116 3098 a
1133 3034 1234 3099 Curia
1251 3034 1411 3098 Romana

252 3133 373 3192 contra
388 3127 443 3211 jus
470 3132 627 3191 nostrum
654 3145 836 3190 commune
860 3125 1046 3209 quicquam
1063 3126 1239 3191 insolitum
1255 3131 1411 3191 transeat

252 3219 308 3282 vel
326 3219 488 3282 nocivum
504 3241 511 3295 3
549 3217 729 3301 presertim
748 3237 827 3281 cum
846 3217 1045 3301 hujusmodi
1064 3218 1276 3282 visitacionis
1294 3238 1409 3294 causa,

252 3312 308 3396 jus
322 3317 479 3375 nostrum
493 3309 785 3393 metropoliticum
799 3309 1011 3394 contingens,
1038 3309 1081 3373 de
1096 3310 1164 3395 maj
1170 3310 1285 3374 oribus
1299 3309 1412 3374 causis

253 3408 443 3480 censeatur,
486 3402 602 3485 sicque
641 3402 676 3465 in
716 3407 935 3466 sacrosancta
967 3402 1126 3467 Romana
1157 3401 1258 3466 Curia
1288 3401 1412 3486 agitari

253 3495 378 3559 debeat
399 3497 462 3575 [et]
482 3495 611 3578 absque
630 3492 744 3557 medio
763 3493 903 3558 omnino
922 3493 1043 3558 decidi.
1102 3493 1157 3558 Ad
1175 3493 1280 3578 quod,
1301 3499 1411 3578 pater,

253 3588 381 3652 instare
402 3587 515 3651 velitis
537 3607 598 3669 pro
620 3586 685 3649 Dei
706 3586 844 3650 nomine
864 3607 944 3650 curn
965 3586 1101 3663 effectu,
1124 3585 1207 3670 quia
1226 3606 1289 3650 nos
1310 3585 1413 3650 officii

252 3679 362 3744 nostri
374 3679 533 3763 reliquias
557 3685 592 3743 et
604 3679 748 3762 rigorem
761 3678 795 3742 in
808 3684 945 3743 tantam
957 3678 1158 3743 abusionem
1170 3684 1205 3743 et
1216 3677 1414 3761 superbiam

253 3771 442 3837 secundum
467 3771 553 3855 juris
590 3790 769 3834 censuram
795 3776 830 3834 et
857 3770 1068 3854 exigenciam
1093 3770 1237 3835 viriliter
1262 3789 1322 3854 per
1348 3769 1413 3834 Dei

254 3864 404 3948 graciam
427 3862 694 3947 prosequimur,³
718 3868 753 3926 et
776 3861 941 3946 quicquid
966 3862 1088 3928 auditu
1111 3861 1330 3947 perceperitis
1352 3881 1415 3946 per

254 3956 417 4040 obloquia
430 3954 692 4019 adversancium
705 3954 757 4019 in4
770 3954 894 4018 matris
910 3954 1088 4039 juvamine
1105 3955 1140 4018 in
1151 3960 1252 4019 tanto
1269 3953 1413 4019 necessi·

255 4048 339 4113 tatis
359 4068 500 4112 accursu
520 4046 716 4111 nullatenus
735 4067 797 4130 pro
817 4046 1006 4111 Salvatoris
1025 4047 1190 4132 sanguine
1210 4045 1413 4123 desistatis,5

254 4160 297 4204 ne
321 4146 394 4205 tam
417 4138 616 4223 superbiens
639 4138 886 4223 suffraganeus,
910 4144 1031 4203 contra
1053 4158 1113 4203 sue
1136 4137 1355 4223 professionis
1378 4143 1414 4202 et

254 4231 521 4297 consecracionis
536 4231 717 4308 cartulam,
733 4252 832 4296 suam
847 4236 995 4295 matrem
1010 4231 1228 4315 metropolim
1243 4236 1416 4295 merenter

286 4387 449 4451 1Recipitis.
488 4386 536 4435 Fo.
554 4385 611 4434 150.
846 4383 899 4434 ⁴A.
938 4384 1010 4434 Ibid.

286 4454 461 4503 ²Scitientes.
494 4453 542 4502 Fo.
560 4451 618 4502 150.
846 4450 1031 4509 ”Dissistatr's
1052 4451 1100 4501 Fo.
1114 4449 1177 4502 rtd.
1223 4450 1375 4502 Disistatr's

286 4521 517 4585 ³Prosequemur.
532 4519 580 4569 Fo.
595 4518 652 4568 150.
812 4518 860 4567 Fo.
878 4517 936 4567 150.
