<?xml version="1.0" encoding="UTF-8"?>
<!DOCTYPE html PUBLIC "-//W3C//DTD XHTML 1.0 Transitional//EN"
    "http://www.w3.org/TR/xhtml1/DTD/xhtml1-transitional.dtd">
<html xmlns="http://www.w3.org/1999/xhtml" xml:lang="en" lang="en">
 <head>
  <title>
</title>
<meta http-equiv="Content-Type" content="text/html;charset=utf-8" />
  <meta name='ocr-system' content='tesseract 3.04.00' />
  <meta name='ocr-capabilities' content='ocr_page ocr_carea ocr_par ocr_line ocrx_word'/>
</head>
<body>
  <div class='ocr_page' id='page_1' title='image "./registerwilliam00wickgoog_0121.png"; bbox 0 0 2994 4996; ppageno 0'>
   <div class='ocr_carea' id='block_1_1' title="bbox 237 450 1291 529">
    <p class='ocr_par' dir='ltr' id='par_1_1' title="bbox 237 450 1291 529">
     <span class='ocr_line' id='line_1_1' title="bbox 237 450 1291 529; baseline 0.009 -19"><span class='ocrx_word' id='word_1_1' title='bbox 237 450 277 529; x_wconf 73' lang='lat'><strong>64</strong></span> <span class='ocrx_word' id='word_1_2' title='bbox 353 466 418 511; x_wconf 88' lang='lat' dir='ltr'><strong>THE</strong></span> <span class='ocrx_word' id='word_1_3' title='bbox 441 466 604 512; x_wconf 86' lang='lat' dir='ltr'>REGISTER</span> <span class='ocrx_word' id='word_1_4' title='bbox 625 469 667 512; x_wconf 91' lang='lat' dir='ltr'><strong>OF</strong></span> <span class='ocrx_word' id='word_1_5' title='bbox 689 469 900 518; x_wconf 85' lang='lat' dir='ltr'><strong>ARCHBISHOP</strong></span> <span class='ocrx_word' id='word_1_6' title='bbox 922 472 1069 516; x_wconf 82' lang='lat' dir='ltr'>W1L1.1AM</span> <span class='ocrx_word' id='word_1_7' title='bbox 1091 473 1291 520; x_wconf 86' lang='lat' dir='ltr'>WICKWANE.</span> 
     </span>
    </p>
   </div>
   <div class='ocr_carea' id='block_1_2' title="bbox 226 620 1394 2451">
    <p class='ocr_par' dir='ltr' id='par_1_2' title="bbox 226 620 1394 2451">
     <span class='ocr_line' id='line_1_2' title="bbox 236 620 1394 711; baseline 0.009 -26"><span class='ocrx_word' id='word_1_8' title='bbox 236 621 361 685; x_wconf 91' lang='lat' dir='ltr'><strong>nullius</strong></span> <span class='ocrx_word' id='word_1_9' title='bbox 377 620 542 684; x_wconf 84' lang='lat' dir='ltr'><strong>offensam</strong></span> <span class='ocrx_word' id='word_1_10' title='bbox 558 621 613 684; x_wconf 93' lang='lat' dir='ltr'><strong>vel</strong></span> <span class='ocrx_word' id='word_1_11' title='bbox 628 621 801 705; x_wconf 83' lang='lat' dir='ltr'><strong>injuriam,</strong></span> <span class='ocrx_word' id='word_1_12' title='bbox 819 623 963 688; x_wconf 91' lang='lat' dir='ltr'><strong>dilatare</strong></span> <span class='ocrx_word' id='word_1_13' title='bbox 979 625 1013 688; x_wconf 90' lang='lat' dir='ltr'><strong>in</strong></span> <span class='ocrx_word' id='word_1_14' title='bbox 1030 624 1164 690; x_wconf 86' lang='lat' dir='ltr'><strong>Christo</strong></span> <span class='ocrx_word' id='word_1_15' title='bbox 1180 629 1394 711; x_wconf 79' lang='lat' dir='ltr'>gratulanter</span> 
     </span>
     <span class='ocr_line' id='line_1_3' title="bbox 235 713 1391 801; baseline 0.01 -25"><span class='ocrx_word' id='word_1_16' title='bbox 235 720 269 778; x_wconf 90' lang='lat' dir='ltr'><strong>et</strong></span> <span class='ocrx_word' id='word_1_17' title='bbox 287 713 408 777; x_wconf 87' lang='lat' dir='ltr'><strong>intime</strong></span> <span class='ocrx_word' id='word_1_18' title='bbox 425 713 716 778; x_wconf 80' lang='lat' dir='ltr'><strong>commendamus,</strong></span> <span class='ocrx_word' id='word_1_19' title='bbox 758 714 807 778; x_wconf 96' lang='lat' dir='ltr'><strong>Ut</strong></span> <span class='ocrx_word' id='word_1_20' title='bbox 823 715 928 799; x_wconf 91' lang='lat' dir='ltr'><strong>igitur</strong></span> <span class='ocrx_word' id='word_1_21' title='bbox 944 716 1033 780; x_wconf 84' lang='lat' dir='ltr'><strong>infra</strong></span> <span class='ocrx_word' id='word_1_22' title='bbox 1050 725 1148 801; x_wconf 91' lang='lat' dir='ltr'><strong>septa</strong></span> <span class='ocrx_word' id='word_1_23' title='bbox 1165 721 1256 784; x_wconf 86' lang='lat' dir='ltr'><strong>curie</strong></span> <span class='ocrx_word' id='word_1_24' title='bbox 1273 728 1332 786; x_wconf 91' lang='lat' dir='ltr'><strong>tue</strong></span> <span class='ocrx_word' id='word_1_25' title='bbox 1349 724 1391 787; x_wconf 94' lang='lat' dir='ltr'><strong>de</strong></span> 
     </span>
     <span class='ocr_line' id='line_1_4' title="bbox 234 804 1391 896; baseline 0.01 -27"><span class='ocrx_word' id='word_1_26' title='bbox 234 804 459 889; x_wconf 87' lang='lat' dir='ltr'><strong>Silkethorpe,</strong></span> <span class='ocrx_word' id='word_1_27' title='bbox 488 805 616 888; x_wconf 85' lang='lat' dir='ltr'>absque</span> <span class='ocrx_word' id='word_1_28' title='bbox 643 805 850 870; x_wconf 87' lang='lat' dir='ltr'><strong>detrimento</strong></span> <span class='ocrx_word' id='word_1_29' title='bbox 876 814 911 871; x_wconf 93' lang='lat' dir='ltr'><strong>et</strong></span> <span class='ocrx_word' id='word_1_30' title='bbox 936 829 1155 893; x_wconf 90' lang='lat' dir='ltr'><strong>quacumque</strong></span> <span class='ocrx_word' id='word_1_31' title='bbox 1180 812 1306 896; x_wconf 78' lang='lat' dir='ltr'><strong>injuria</strong></span> <span class='ocrx_word' id='word_1_32' title='bbox 1332 822 1391 879; x_wconf 87' lang='lat' dir='ltr'><strong>tue</strong></span> 
     </span>
     <span class='ocr_line' id='line_1_5' title="bbox 233 896 1390 982; baseline 0.01 -22"><span class='ocrx_word' id='word_1_33' title='bbox 233 898 385 962; x_wconf 79' lang='lat' dir='ltr'><strong>matricis</strong></span> <span class='ocrx_word' id='word_1_34' title='bbox 416 897 540 960; x_wconf 90' lang='lat' dir='ltr'><strong>ecclese</strong></span> <span class='ocrx_word' id='word_1_35' title='bbox 571 896 612 960; x_wconf 93' lang='lat' dir='ltr'><strong>de</strong></span> <span class='ocrx_word' id='word_1_36' title='bbox 643 896 868 982; x_wconf 86' lang='lat' dir='ltr'><strong>Silkethorpe,</strong></span> <span class='ocrx_word' id='word_1_37' title='bbox 900 907 1135 982; x_wconf 88' lang='lat' dir='ltr'><strong>patronorum,</strong></span> <span class='ocrx_word' id='word_1_38' title='bbox 1167 910 1202 967; x_wconf 90' lang='lat' dir='ltr'><strong>et</strong></span> <span class='ocrx_word' id='word_1_39' title='bbox 1236 907 1390 971; x_wconf 90' lang='lat' dir='ltr'><strong>omnium</strong></span> 
     </span>
     <span class='ocr_line' id='line_1_6' title="bbox 233 989 1389 1081; baseline 0.009 -29"><span class='ocrx_word' id='word_1_40' title='bbox 233 990 387 1066; x_wconf 84' lang='lat' dir='ltr'><strong>aliorum,</strong></span> <span class='ocrx_word' id='word_1_41' title='bbox 414 989 602 1052; x_wconf 89' lang='lat' dir='ltr'><strong>oratorium</strong></span> <span class='ocrx_word' id='word_1_42' title='bbox 628 989 772 1072; x_wconf 86' lang='lat' dir='ltr'><strong>simplex</strong></span> <span class='ocrx_word' id='word_1_43' title='bbox 798 996 833 1053; x_wconf 90' lang='lat' dir='ltr'><strong>et</strong></span> <span class='ocrx_word' id='word_1_44' title='bbox 859 990 976 1055; x_wconf 90' lang='lat' dir='ltr'><strong>divino</strong></span> <span class='ocrx_word' id='word_1_45' title='bbox 1002 1001 1200 1076; x_wconf 91' lang='lat' dir='ltr'><strong>competens</strong></span> <span class='ocrx_word' id='word_1_46' title='bbox 1225 998 1389 1081; x_wconf 92' lang='lat' dir='ltr'><strong>obsequio</strong></span> 
     </span>
     <span class='ocr_line' id='line_1_7' title="bbox 231 1081 1389 1172; baseline 0.009 -28"><span class='ocrx_word' id='word_1_47' title='bbox 231 1082 340 1165; x_wconf 88' lang='lat' dir='ltr'><strong>possis</strong></span> <span class='ocrx_word' id='word_1_48' title='bbox 354 1081 489 1164; x_wconf 90' lang='lat' dir='ltr'><strong>erigere,</strong></span> <span class='ocrx_word' id='word_1_49' title='bbox 506 1081 637 1163; x_wconf 94' lang='lat' dir='ltr'><strong>tibique</strong></span> <span class='ocrx_word' id='word_1_50' title='bbox 650 1081 754 1145; x_wconf 91' lang='lat' dir='ltr'><strong>libere</strong></span> <span class='ocrx_word' id='word_1_51' title='bbox 769 1088 828 1145; x_wconf 90' lang='lat' dir='ltr'><strong>tue</strong></span> <span class='ocrx_word' id='word_1_52' title='bbox 842 1083 969 1147; x_wconf 86' lang='lat' dir='ltr'><strong>familie</strong></span> <span class='ocrx_word' id='word_1_53' title='bbox 984 1104 1043 1167; x_wconf 90' lang='lat' dir='ltr'><strong>per</strong></span> <span class='ocrx_word' id='word_1_54' title='bbox 1057 1085 1230 1169; x_wconf 91' lang='lat' dir='ltr'><strong>ydoneum</strong></span> <span class='ocrx_word' id='word_1_55' title='bbox 1244 1091 1389 1172; x_wconf 87' lang='lat' dir='ltr'><strong>capella-</strong></span> 
     </span>
     <span class='ocr_line' id='line_1_8' title="bbox 231 1172 1386 1263; baseline 0.009 -28"><span class='ocrx_word' id='word_1_56' title='bbox 231 1194 315 1236; x_wconf 89' lang='lat' dir='ltr'><strong>num</strong></span> <span class='ocrx_word' id='word_1_57' title='bbox 334 1180 368 1237; x_wconf 88' lang='lat' dir='ltr'><strong>et</strong></span> <span class='ocrx_word' id='word_1_58' title='bbox 388 1193 576 1256; x_wconf 89' lang='lat' dir='ltr'><strong>congruum</strong></span> <span class='ocrx_word' id='word_1_59' title='bbox 595 1172 765 1250; x_wconf 91' lang='lat' dir='ltr'><strong>clericum,</strong></span> <span class='ocrx_word' id='word_1_60' title='bbox 785 1174 850 1237; x_wconf 92' lang='lat' dir='ltr'><strong>sub</strong></span> <span class='ocrx_word' id='word_1_61' title='bbox 869 1176 1013 1257; x_wconf 90' lang='lat' dir='ltr'><strong>propriis</strong></span> <span class='ocrx_word' id='word_1_62' title='bbox 1032 1182 1067 1240; x_wconf 93' lang='lat' dir='ltr'><strong>et</strong></span> <span class='ocrx_word' id='word_1_63' title='bbox 1087 1179 1177 1262; x_wconf 86' lang='lat' dir='ltr'><strong>aptis</strong></span> <span class='ocrx_word' id='word_1_64' title='bbox 1196 1180 1386 1263; x_wconf 90' lang='lat' dir='ltr'><strong>stipendiis,</strong></span> 
     </span>
     <span class='ocr_line' id='line_1_9' title="bbox 231 1264 1386 1357; baseline 0.009 -29"><span class='ocrx_word' id='word_1_65' title='bbox 231 1265 349 1329; x_wconf 90' lang='lat' dir='ltr'><strong>divina</strong></span> <span class='ocrx_word' id='word_1_66' title='bbox 366 1265 474 1348; x_wconf 93' lang='lat' dir='ltr'><strong>possis</strong></span> <span class='ocrx_word' id='word_1_67' title='bbox 492 1284 600 1347; x_wconf 92' lang='lat' dir='ltr'><strong>usque</strong></span> <span class='ocrx_word' id='word_1_68' title='bbox 619 1264 662 1328; x_wconf 89' lang='lat' dir='ltr'><strong>ad</strong></span> <span class='ocrx_word' id='word_1_69' title='bbox 680 1265 825 1329; x_wconf 83' lang='lat' dir='ltr'>Vincula</span> <span class='ocrx_word' id='word_1_70' title='bbox 843 1266 1055 1331; x_wconf 77' lang='lat' dir='ltr'><strong>Beaupetrr</strong></span> <span class='ocrx_word' id='word_1_71' title='bbox 1073 1268 1172 1353; x_wconf 89' lang='lat' dir='ltr'><strong>(Aug.</strong></span> <span class='ocrx_word' id='word_1_72' title='bbox 1194 1275 1237 1351; x_wconf 87' lang='grc' dir='ltr'><strong>τ),</strong></span> <span class='ocrx_word' id='word_1_73' title='bbox 1257 1273 1386 1357; x_wconf 81' lang='lat' dir='ltr'>absque</span> 
     </span>
     <span class='ocr_line' id='line_1_10' title="bbox 229 1357 1386 1441; baseline 0.009 -21"><span class='ocrx_word' id='word_1_74' title='bbox 229 1358 314 1441; x_wconf 84' lang='lat' dir='ltr'><strong>juris</strong></span> <span class='ocrx_word' id='word_1_75' title='bbox 342 1364 377 1421; x_wconf 90' lang='lat' dir='ltr'><strong>et</strong></span> <span class='ocrx_word' id='word_1_76' title='bbox 406 1357 611 1440; x_wconf 84' lang='lat' dir='ltr'><strong>cujusquam</strong></span> <span class='ocrx_word' id='word_1_77' title='bbox 640 1357 822 1440; x_wconf 87' lang='lat' dir='ltr'><strong>stipendio,</strong></span> <span class='ocrx_word' id='word_1_78' title='bbox 852 1358 962 1421; x_wconf 82' lang='lat' dir='ltr'><strong>facere</strong></span> <span class='ocrx_word' id='word_1_79' title='bbox 991 1359 1162 1438; x_wconf 89' lang='lat' dir='ltr'><strong>celebrari,</strong></span> <span class='ocrx_word' id='word_1_80' title='bbox 1193 1364 1237 1426; x_wconf 92' lang='lat' dir='ltr'><strong>ob</strong></span> <span class='ocrx_word' id='word_1_81' title='bbox 1266 1385 1386 1429; x_wconf 79' lang='lat' dir='ltr'>causas</span> 
     </span>
     <span class='ocr_line' id='line_1_11' title="bbox 231 1448 1387 1538; baseline 0.007 -25"><span class='ocrx_word' id='word_1_82' title='bbox 231 1449 397 1532; x_wconf 88' lang='lat' dir='ltr'><strong>legitimas</strong></span> <span class='ocrx_word' id='word_1_83' title='bbox 414 1469 475 1533; x_wconf 90' lang='lat' dir='ltr'><strong>per</strong></span> <span class='ocrx_word' id='word_1_84' title='bbox 492 1448 646 1512; x_wconf 82' lang='lat' dir='ltr'><strong>debitam</strong></span> <span class='ocrx_word' id='word_1_85' title='bbox 659 1449 917 1531; x_wconf 83' lang='lat' dir='ltr'><strong>inquisicionem</strong></span> <span class='ocrx_word' id='word_1_86' title='bbox 934 1459 1137 1534; x_wconf 91' lang='lat' dir='ltr'><strong>compertas,</strong></span> <span class='ocrx_word' id='word_1_87' title='bbox 1157 1454 1220 1518; x_wconf 88' lang='lat' dir='ltr'><strong>tibi</strong></span> <span class='ocrx_word' id='word_1_88' title='bbox 1237 1457 1387 1538; x_wconf 85' lang='lat' dir='ltr'><strong>graciose</strong></span> 
     </span>
     <span class='ocr_line' id='line_1_12' title="bbox 229 1542 1384 1628; baseline 0.007 -23"><span class='ocrx_word' id='word_1_89' title='bbox 229 1542 412 1605; x_wconf 89' lang='lat' dir='ltr'><strong>annuimus</strong></span> <span class='ocrx_word' id='word_1_90' title='bbox 429 1561 490 1624; x_wconf 90' lang='lat' dir='ltr'><strong>per</strong></span> <span class='ocrx_word' id='word_1_91' title='bbox 506 1546 690 1623; x_wconf 73' lang='lat' dir='ltr'><strong>presentes</strong></span> <span class='ocrx_word' id='word_1_92' title='bbox 710 1546 744 1604; x_wconf 93' lang='lat' dir='ltr'><strong>et</strong></span> <span class='ocrx_word' id='word_1_93' title='bbox 763 1561 938 1604; x_wconf 87' lang='lat' dir='ltr'><strong>assensum</strong></span> <span class='ocrx_word' id='word_1_94' title='bbox 956 1544 1095 1607; x_wconf 90' lang='lat' dir='ltr'><strong>rectoris</strong></span> <span class='ocrx_word' id='word_1_95' title='bbox 1112 1546 1332 1628; x_wconf 89' lang='lat' dir='ltr'><strong>prehabitum</strong></span> <span class='ocrx_word' id='word_1_96' title='bbox 1350 1551 1384 1612; x_wconf 91' lang='lat' dir='ltr'><strong>in</strong></span> 
     </span>
     <span class='ocr_line' id='line_1_13' title="bbox 230 1632 1385 1724; baseline 0.008 -29"><span class='ocrx_word' id='word_1_97' title='bbox 230 1635 293 1696; x_wconf 87' lang='lat' dir='ltr'><strong>hac</strong></span> <span class='ocrx_word' id='word_1_98' title='bbox 311 1638 409 1716; x_wconf 89' lang='lat' dir='ltr'><strong>parte</strong></span> <span class='ocrx_word' id='word_1_99' title='bbox 427 1632 559 1715; x_wconf 89' lang='lat' dir='ltr'><strong>plenius</strong></span> <span class='ocrx_word' id='word_1_100' title='bbox 577 1638 797 1715; x_wconf 88' lang='lat' dir='ltr'><strong>acceptamus</strong></span> <span class='ocrx_word' id='word_1_101' title='bbox 813 1655 820 1709; x_wconf 92' lang='grc'><strong>;</strong></span> <span class='ocrx_word' id='word_1_102' title='bbox 856 1633 905 1697; x_wconf 87' lang='lat' dir='ltr'><strong>ita</strong></span> <span class='ocrx_word' id='word_1_103' title='bbox 918 1634 1011 1716; x_wconf 91' lang='lat' dir='ltr'><strong>quod</strong></span> <span class='ocrx_word' id='word_1_104' title='bbox 1029 1636 1115 1699; x_wconf 90' lang='lat' dir='ltr'><strong>citra</strong></span> <span class='ocrx_word' id='word_1_105' title='bbox 1127 1637 1254 1701; x_wconf 83' lang='lat' dir='ltr'><strong>festum</strong></span> <span class='ocrx_word' id='word_1_106' title='bbox 1266 1660 1385 1724; x_wconf 87' lang='lat' dir='ltr'><strong>supra-</strong></span> 
     </span>
     <span class='ocr_line' id='line_1_14' title="bbox 228 1722 1385 1807; baseline 0.008 -19"><span class='ocrx_word' id='word_1_107' title='bbox 228 1722 360 1789; x_wconf 91' lang='lat' dir='ltr'><strong>dictum</strong></span> <span class='ocrx_word' id='word_1_108' title='bbox 386 1744 561 1788; x_wconf 90' lang='lat' dir='ltr'><strong>assensum</strong></span> <span class='ocrx_word' id='word_1_109' title='bbox 587 1724 716 1806; x_wconf 90' lang='lat' dir='ltr'><strong>pariter</strong></span> <span class='ocrx_word' id='word_1_110' title='bbox 739 1730 963 1807; x_wconf 88' lang='lat' dir='ltr'><strong>patronorum</strong></span> <span class='ocrx_word' id='word_1_111' title='bbox 990 1726 1034 1789; x_wconf 94' lang='lat' dir='ltr'><strong>ad</strong></span> <span class='ocrx_word' id='word_1_112' title='bbox 1059 1728 1324 1795; x_wconf 83' lang='lat' dir='ltr'><strong>fundamentum</strong></span> <span class='ocrx_word' id='word_1_113' title='bbox 1350 1741 1385 1797; x_wconf 88' lang='lat' dir='ltr'><strong>et</strong></span> 
     </span>
     <span class='ocr_line' id='line_1_15' title="bbox 229 1816 1384 1903; baseline 0.008 -23"><span class='ocrx_word' id='word_1_114' title='bbox 229 1817 429 1880; x_wconf 88' lang='lat' dir='ltr'><strong>firmitatem</strong></span> <span class='ocrx_word' id='word_1_115' title='bbox 469 1816 600 1899; x_wconf 85' lang='lat' dir='ltr'><strong>negocii</strong></span> <span class='ocrx_word' id='word_1_116' title='bbox 630 1816 729 1879; x_wconf 92' lang='lat' dir='ltr'><strong>nobis</strong></span> <span class='ocrx_word' id='word_1_117' title='bbox 759 1816 870 1879; x_wconf 92' lang='lat' dir='ltr'><strong>modis</strong></span> <span class='ocrx_word' id='word_1_118' title='bbox 901 1818 1060 1881; x_wconf 92' lang='lat' dir='ltr'><strong>omnibus</strong></span> <span class='ocrx_word' id='word_1_119' title='bbox 1091 1828 1311 1903; x_wconf 72' lang='lat' dir='ltr'><strong>representes</strong></span> <span class='ocrx_word' id='word_1_120' title='bbox 1345 1833 1384 1889; x_wconf 89' lang='lat' dir='ltr'><strong>ut</strong></span> 
     </span>
     <span class='ocr_line' id='line_1_16' title="bbox 228 1908 1383 1998; baseline 0.007 -26"><span class='ocrx_word' id='word_1_121' title='bbox 228 1908 426 1992; x_wconf 87' lang='lat' dir='ltr'><strong>hujusmodi</strong></span> <span class='ocrx_word' id='word_1_122' title='bbox 451 1908 601 1991; x_wconf 85' lang='lat' dir='ltr'><strong>graciam</strong></span> <span class='ocrx_word' id='word_1_123' title='bbox 628 1908 691 1971; x_wconf 89' lang='lat' dir='ltr'><strong>tibi</strong></span> <span class='ocrx_word' id='word_1_124' title='bbox 717 1908 850 1990; x_wconf 89' lang='lat' dir='ltr'><strong>gracius</strong></span> <span class='ocrx_word' id='word_1_125' title='bbox 876 1929 1117 1992; x_wconf 85' lang='lat' dir='ltr'><strong>prorogemus;</strong></span> <span class='ocrx_word' id='word_1_126' title='bbox 1171 1913 1321 1998; x_wconf 92' lang='lat' dir='ltr'><strong>alioquin</strong></span> <span class='ocrx_word' id='word_1_127' title='bbox 1349 1918 1383 1980; x_wconf 92' lang='lat' dir='ltr'><strong>in</strong></span> 
     </span>
     <span class='ocr_line' id='line_1_17' title="bbox 227 1999 1383 2082; baseline 0.007 -18"><span class='ocrx_word' id='word_1_128' title='bbox 227 2001 320 2064; x_wconf 92' lang='lat' dir='ltr'><strong>dicto</strong></span> <span class='ocrx_word' id='word_1_129' title='bbox 351 2000 500 2064; x_wconf 89' lang='lat' dir='ltr'><strong>oratorio</strong></span> <span class='ocrx_word' id='word_1_130' title='bbox 531 1999 651 2063; x_wconf 88' lang='lat' dir='ltr'><strong>statim</strong></span> <span class='ocrx_word' id='word_1_131' title='bbox 681 2005 761 2082; x_wconf 92' lang='lat' dir='ltr'><strong>post</strong></span> <span class='ocrx_word' id='word_1_132' title='bbox 792 2000 918 2064; x_wconf 83' lang='lat' dir='ltr'><strong>festum</strong></span> <span class='ocrx_word' id='word_1_133' title='bbox 949 2008 1178 2067; x_wconf 89' lang='lat' dir='ltr'><strong>memoratum</strong></span> <span class='ocrx_word' id='word_1_134' title='bbox 1209 2015 1317 2072; x_wconf 82' lang='lat' dir='ltr'><strong>cesset</strong></span> <span class='ocrx_word' id='word_1_135' title='bbox 1349 2016 1383 2073; x_wconf 93' lang='lat' dir='ltr'><strong>et</strong></span> 
     </span>
     <span class='ocr_line' id='line_1_18' title="bbox 226 2091 1382 2180; baseline 0.007 -24"><span class='ocrx_word' id='word_1_136' title='bbox 226 2093 446 2177; x_wconf 83' lang='lat' dir='ltr'><strong>conquiescat</strong></span> <span class='ocrx_word' id='word_1_137' title='bbox 459 2092 596 2174; x_wconf 91' lang='lat' dir='ltr'><strong>penitus</strong></span> <span class='ocrx_word' id='word_1_138' title='bbox 609 2091 773 2154; x_wconf 88' lang='lat' dir='ltr'><strong>cantaria.</strong></span> <span class='ocrx_word' id='word_1_139' title='bbox 821 2091 997 2169; x_wconf 71' lang='lat' dir='ltr'><strong>Volumus</strong></span> <span class='ocrx_word' id='word_1_140' title='bbox 1012 2094 1130 2171; x_wconf 89' lang='lat' dir='ltr'><strong>eciam,</strong></span> <span class='ocrx_word' id='word_1_141' title='bbox 1144 2097 1248 2180; x_wconf 93' lang='lat' dir='ltr'><strong>quod,</strong></span> <span class='ocrx_word' id='word_1_142' title='bbox 1261 2099 1382 2164; x_wconf 93' lang='lat' dir='ltr'><strong>habito</strong></span> 
     </span>
     <span class='ocr_line' id='line_1_19' title="bbox 226 2189 1383 2275; baseline 0.007 -27"><span class='ocrx_word' id='word_1_143' title='bbox 226 2205 392 2249; x_wconf 90' lang='lat' dir='ltr'><strong>consensu</strong></span> <span class='ocrx_word' id='word_1_144' title='bbox 409 2191 644 2267; x_wconf 90' lang='lat' dir='ltr'><strong>patronorum,</strong></span> <span class='ocrx_word' id='word_1_145' title='bbox 663 2202 724 2267; x_wconf 87' lang='grc' dir='ltr'><strong>ρετ</strong></span> <span class='ocrx_word' id='word_1_146' title='bbox 740 2189 837 2246; x_wconf 88' lang='lat' dir='ltr'><strong>tuam</strong></span> <span class='ocrx_word' id='word_1_147' title='bbox 854 2189 986 2247; x_wconf 90' lang='lat' dir='ltr'><strong>cartam</strong></span> <span class='ocrx_word' id='word_1_148' title='bbox 1003 2206 1125 2249; x_wconf 89' lang='lat' dir='ltr'><strong>caveas</strong></span> <span class='ocrx_word' id='word_1_149' title='bbox 1143 2191 1265 2253; x_wconf 90' lang='lat' dir='ltr'><strong>rectori</strong></span> <span class='ocrx_word' id='word_1_150' title='bbox 1281 2211 1383 2275; x_wconf 92' lang='lat' dir='ltr'><strong>super</strong></span> 
     </span>
     <span class='ocr_line' id='line_1_20' title="bbox 226 2275 1382 2360; baseline 0.006 -20"><span class='ocrx_word' id='word_1_151' title='bbox 226 2277 488 2360; x_wconf 85' lang='lat' dir='ltr'><strong>indempnitate,</strong></span> <span class='ocrx_word' id='word_1_152' title='bbox 524 2281 586 2339; x_wconf 94' lang='lat' dir='ltr'><strong>tuo</strong></span> <span class='ocrx_word' id='word_1_153' title='bbox 620 2280 798 2359; x_wconf 88' lang='lat' dir='ltr'><strong>perpetu0‚</strong></span> <span class='ocrx_word' id='word_1_154' title='bbox 834 2275 922 2338; x_wconf 91' lang='lat' dir='ltr'><strong>sicut</strong></span> <span class='ocrx_word' id='word_1_155' title='bbox 957 2275 1066 2353; x_wconf 90' lang='lat' dir='ltr'><strong>decet,</strong></span> <span class='ocrx_word' id='word_1_156' title='bbox 1102 2284 1137 2342; x_wconf 89' lang='lat' dir='ltr'><strong>et</strong></span> <span class='ocrx_word' id='word_1_157' title='bbox 1172 2300 1248 2344; x_wconf 90' lang='lat' dir='ltr'><strong>eam</strong></span> <span class='ocrx_word' id='word_1_158' title='bbox 1283 2284 1382 2347; x_wconf 88' lang='lat' dir='ltr'><strong>nobis</strong></span> 
     </span>
     <span class='ocr_line' id='line_1_21' title="bbox 226 2366 1232 2451; baseline 0.005 -19"><span class='ocrx_word' id='word_1_159' title='bbox 226 2369 358 2434; x_wconf 85' lang='lat' dir='ltr'><strong>deferas</strong></span> <span class='ocrx_word' id='word_1_160' title='bbox 377 2369 422 2432; x_wconf 87' lang='lat' dir='ltr'><strong>ad</strong></span> <span class='ocrx_word' id='word_1_161' title='bbox 441 2367 619 2451; x_wconf 89' lang='lat' dir='ltr'><strong>negocium</strong></span> <span class='ocrx_word' id='word_1_162' title='bbox 639 2366 751 2430; x_wconf 92' lang='lat' dir='ltr'><strong>tucius</strong></span> <span class='ocrx_word' id='word_1_163' title='bbox 770 2368 1090 2432; x_wconf 87' lang='lat' dir='ltr'><strong>consummandum.</strong></span> <span class='ocrx_word' id='word_1_164' title='bbox 1137 2370 1232 2438; x_wconf 90' lang='lat' dir='ltr'><strong>Vale.</strong></span> 
     </span>
    </p>
   </div>
   <div class='ocr_carea' id='block_1_3' title="bbox 225 2470 1382 2834">
    <p class='ocr_par' dir='ltr' id='par_1_3' title="bbox 225 2470 1382 2834">
     <span class='ocr_line' id='line_1_22' title="bbox 270 2470 1381 2549; baseline 0.004 -10"><span class='ocrx_word' id='word_1_165' title='bbox 270 2474 305 2539; x_wconf 88' lang='lat' dir='ltr'><strong>Si</strong></span> <span class='ocrx_word' id='word_1_166' title='bbox 332 2480 448 2538; x_wconf 89' lang='lat' dir='ltr'><strong>autem</strong></span> <span class='ocrx_word' id='word_1_167' title='bbox 476 2473 510 2535; x_wconf 91' lang='lat' dir='ltr'><strong>in</strong></span> <span class='ocrx_word' id='word_1_168' title='bbox 537 2470 762 2546; x_wconf 90' lang='lat' dir='ltr'><strong>vestimentis,</strong></span> <span class='ocrx_word' id='word_1_169' title='bbox 790 2472 1010 2549; x_wconf 90' lang='lat' dir='ltr'><strong>ornamentis,</strong></span> <span class='ocrx_word' id='word_1_170' title='bbox 1038 2473 1093 2536; x_wconf 93' lang='lat' dir='ltr'><strong>vel</strong></span> <span class='ocrx_word' id='word_1_171' title='bbox 1120 2475 1222 2540; x_wconf 90' lang='lat' dir='ltr'><strong>calice</strong></span> <span class='ocrx_word' id='word_1_172' title='bbox 1249 2478 1381 2543; x_wconf 90' lang='lat' dir='ltr'><strong>dictum</strong></span> 
     </span>
     <span class='ocr_line' id='line_1_23' title="bbox 226 2562 1382 2654; baseline 0.003 -23"><span class='ocrx_word' id='word_1_173' title='bbox 226 2567 413 2631; x_wconf 89' lang='lat' dir='ltr'><strong>oratorium</strong></span> <span class='ocrx_word' id='word_1_174' title='bbox 439 2565 612 2628; x_wconf 87' lang='lat' dir='ltr'><strong>defectum</strong></span> <span class='ocrx_word' id='word_1_175' title='bbox 645 2562 794 2645; x_wconf 84' lang='lat' dir='ltr'><strong>aliquem</strong></span> <span class='ocrx_word' id='word_1_176' title='bbox 824 2563 991 2645; x_wconf 87' lang='lat' dir='ltr'><strong>paciatur,</strong></span> <span class='ocrx_word' id='word_1_177' title='bbox 1019 2566 1178 2631; x_wconf 84' lang='lat' dir='ltr'><strong>volumus</strong></span> <span class='ocrx_word' id='word_1_178' title='bbox 1203 2570 1297 2653; x_wconf 91' lang='lat' dir='ltr'><strong>quod</strong></span> <span class='ocrx_word' id='word_1_179' title='bbox 1322 2592 1382 2654; x_wconf 90' lang='lat' dir='ltr'><strong>per</strong></span> 
     </span>
     <span class='ocr_line' id='line_1_24' title="bbox 226 2654 1381 2739; baseline 0.003 -16"><span class='ocrx_word' id='word_1_180' title='bbox 226 2666 390 2723; x_wconf 89' lang='lat' dir='ltr'><strong>rectorem</strong></span> <span class='ocrx_word' id='word_1_181' title='bbox 414 2678 473 2720; x_wconf 93' lang='lat' dir='ltr'><strong>seu</strong></span> <span class='ocrx_word' id='word_1_182' title='bbox 496 2661 752 2739; x_wconf 83' lang='lat' dir='ltr'><strong>procuratorem</strong></span> <span class='ocrx_word' id='word_1_183' title='bbox 775 2654 880 2736; x_wconf 91' lang='lat' dir='ltr'><strong>ipsius</strong></span> <span class='ocrx_word' id='word_1_184' title='bbox 904 2656 1057 2720; x_wconf 88' lang='lat' dir='ltr'><strong>totaliter</strong></span> <span class='ocrx_word' id='word_1_185' title='bbox 1079 2658 1170 2722; x_wconf 90' lang='lat' dir='ltr'><strong>idem</strong></span> <span class='ocrx_word' id='word_1_186' title='bbox 1193 2663 1381 2727; x_wconf 89' lang='lat' dir='ltr'><strong>oratorium</strong></span> 
     </span>
     <span class='ocr_line' id='line_1_25' title="bbox 225 2747 1379 2834; baseline 0.003 -19"><span class='ocrx_word' id='word_1_187' title='bbox 225 2750 464 2834; x_wconf 87' lang='lat' dir='ltr'><strong>suspendatur,</strong></span> <span class='ocrx_word' id='word_1_188' title='bbox 481 2748 588 2811; x_wconf 90' lang='lat' dir='ltr'><strong>donec</strong></span> <span class='ocrx_word' id='word_1_189' title='bbox 603 2747 752 2830; x_wconf 89' lang='lat' dir='ltr'><strong>graciam</strong></span> <span class='ocrx_word' id='word_1_190' title='bbox 768 2752 921 2810; x_wconf 90' lang='lat' dir='ltr'><strong>nostram</strong></span> <span class='ocrx_word' id='word_1_191' title='bbox 937 2749 1142 2831; x_wconf 81' lang='lat' dir='ltr'><strong>[merueris]1</strong></span> <span class='ocrx_word' id='word_1_192' title='bbox 1159 2752 1193 2815; x_wconf 90' lang='lat' dir='ltr'><strong>in</strong></span> <span class='ocrx_word' id='word_1_193' title='bbox 1208 2754 1273 2817; x_wconf 91' lang='lat' dir='ltr'><strong>hoc</strong></span> <span class='ocrx_word' id='word_1_194' title='bbox 1287 2776 1379 2820; x_wconf 84' lang='lat' dir='ltr'><strong>casu.</strong></span> 
     </span>
    </p>
   </div>
   <div class='ocr_carea' id='block_1_4' title="bbox 59 2850 1380 3119">
    <p class='ocr_par' dir='ltr' id='par_1_4' title="bbox 59 2850 1380 3119">
     <span class='ocr_line' id='line_1_26' title="bbox 61 2850 1379 2938; baseline -0.007 -7"><span class='ocrx_word' id='word_1_195' title='bbox 61 2889 200 2930; x_wconf 62' lang='lat' dir='ltr'><strong>nanneto</strong></span> <span class='ocrx_word' id='word_1_196' title='bbox 269 2855 342 2921; x_wconf 84' lang='lat'>208.</span> <span class='ocrx_word' id='word_1_197' title='bbox 391 2853 553 2917; x_wconf 84' lang='lat' dir='ltr'><strong>IdFeb.</strong></span> <span class='ocrx_word' id='word_1_198' title='bbox 585 2851 680 2932; x_wconf 89' lang='lat' dir='ltr'><strong>(Feb.</strong></span> <span class='ocrx_word' id='word_1_199' title='bbox 712 2850 960 2933; x_wconf 83' lang='lat'><strong>13,1279·80).</strong></span> <span class='ocrx_word' id='word_1_200' title='bbox 1008 2851 1266 2938; x_wconf 87' lang='lat' dir='ltr'><strong>Stivelingtone.</strong></span> <span class='ocrx_word' id='word_1_201' title='bbox 1314 2858 1379 2935; x_wconf 86' lang='lat' dir='ltr'><strong>W,</strong></span> 
     </span>
     <span class='ocr_line' id='line_1_27' title="bbox 59 2939 1380 3031; baseline 0.006 -24"><span class='ocrx_word' id='word_1_202' title='bbox 59 2939 300 3031; x_wconf 55' lang='lat' dir='ltr'><strong>fflfglgffls‘fswetc,</strong></span> <span class='ocrx_word' id='word_1_203' title='bbox 336 2945 528 3010; x_wconf 89' lang='lat' dir='ltr'><strong>vicecomiti</strong></span> <span class='ocrx_word' id='word_1_204' title='bbox 566 2942 820 3026; x_wconf 89' lang='lat' dir='ltr'><strong>Notinghamie,</strong></span> <span class='ocrx_word' id='word_1_205' title='bbox 852 2942 1010 3020; x_wconf 88' lang='lat' dir='ltr'><strong>salutem,</strong></span> <span class='ocrx_word' id='word_1_206' title='bbox 1037 2951 1101 3008; x_wconf 90' lang='lat' dir='ltr'><strong>etc.</strong></span> <span class='ocrx_word' id='word_1_207' title='bbox 1148 2947 1380 3014; x_wconf 81' lang='lat' dir='ltr'><strong>Devocionem</strong></span> 
     </span>
     <span class='ocr_line' id='line_1_28' title="bbox 61 3035 1379 3119; baseline 0.006 -20"><span class='ocrx_word' id='word_1_208' title='bbox 61 3039 189 3082; x_wconf 64' lang='lat' dir='ltr'><strong>namot</strong></span> <span class='ocrx_word' id='word_1_209' title='bbox 223 3048 374 3104; x_wconf 78' lang='lat' dir='ltr'><strong>vestram</strong></span> <span class='ocrx_word' id='word_1_210' title='bbox 399 3043 533 3101; x_wconf 86' lang='lat' dir='ltr'><strong>attente</strong></span> <span class='ocrx_word' id='word_1_211' title='bbox 559 3035 761 3118; x_wconf 91' lang='lat' dir='ltr'><strong>requirimus</strong></span> <span class='ocrx_word' id='word_1_212' title='bbox 785 3040 819 3097; x_wconf 86' lang='lat' dir='ltr'><strong>et</strong></span> <span class='ocrx_word' id='word_1_213' title='bbox 845 3055 1004 3117; x_wconf 88' lang='lat' dir='ltr'><strong>rogamus</strong></span> <span class='ocrx_word' id='word_1_214' title='bbox 1028 3038 1191 3119; x_wconf 88' lang='lat' dir='ltr'><strong>quatinus</strong></span> <span class='ocrx_word' id='word_1_215' title='bbox 1216 3040 1379 3106; x_wconf 91' lang='lat' dir='ltr'><strong>dilectum</strong></span> 
     </span>
    </p>
   </div>
   <div class='ocr_carea' id='block_1_5' title="bbox 59 3091 1379 3210">
    <p class='ocr_par' dir='ltr' id='par_1_5' title="bbox 59 3091 1379 3210">
     <span class='ocr_line' id='line_1_29' title="bbox 59 3091 1379 3210; baseline 0.003 -16"><span class='ocrx_word' id='word_1_216' title='bbox 59 3091 168 3182; x_wconf 48' lang='lat' dir='ltr'><strong>mlum</strong></span> <span class='ocrx_word' id='word_1_217' title='bbox 223 3134 256 3196; x_wconf 93' lang='lat' dir='ltr'><strong>in</strong></span> <span class='ocrx_word' id='word_1_218' title='bbox 283 3131 417 3195; x_wconf 86' lang='lat' dir='ltr'><strong>Christo</strong></span> <span class='ocrx_word' id='word_1_219' title='bbox 443 3129 561 3203; x_wconf 90' lang='lat' dir='ltr'><strong>filium,</strong></span> <span class='ocrx_word' id='word_1_220' title='bbox 589 3126 767 3190; x_wconf 92' lang='lat' dir='ltr'><strong>dominum</strong></span> <span class='ocrx_word' id='word_1_221' title='bbox 794 3125 835 3189; x_wconf 92' lang='lat' dir='ltr'><strong>R.</strong></span> <span class='ocrx_word' id='word_1_222' title='bbox 863 3126 904 3188; x_wconf 94' lang='lat' dir='ltr'><strong>de</strong></span> <span class='ocrx_word' id='word_1_223' title='bbox 931 3125 1194 3210; x_wconf 84' lang='lat' dir='ltr'><strong>Schyrebume2,</strong></span> <span class='ocrx_word' id='word_1_224' title='bbox 1220 3132 1379 3197; x_wconf 90' lang='lat' dir='ltr'><strong>clericum</strong></span> 
     </span>
    </p>
   </div>
   <div class='ocr_carea' id='block_1_6' title="bbox 58 3197 1380 3672">
    <p class='ocr_par' dir='ltr' id='par_1_6' title="bbox 58 3197 1380 3672">
     <span class='ocr_line' id='line_1_30' title="bbox 58 3197 1379 3303; baseline 0.006 -21"><span class='ocrx_word' id='word_1_225' title='bbox 58 3197 154 3283; x_wconf 61' lang='lat' dir='ltr'><strong>ii‘ltlt.</strong></span> <span class='ocrx_word' id='word_1_226' title='bbox 222 3232 390 3296; x_wconf 90' lang='lat' dir='ltr'><strong>nostrum,</strong></span> <span class='ocrx_word' id='word_1_227' title='bbox 420 3221 464 3284; x_wconf 91' lang='lat' dir='ltr'><strong>ad</strong></span> <span class='ocrx_word' id='word_1_228' title='bbox 492 3218 797 3303; x_wconf 86' lang='lat' dir='ltr'><strong>manucapcionem</strong></span> <span class='ocrx_word' id='word_1_229' title='bbox 825 3224 860 3281; x_wconf 89' lang='lat' dir='ltr'><strong>et</strong></span> <span class='ocrx_word' id='word_1_230' title='bbox 888 3219 1085 3281; x_wconf 91' lang='lat' dir='ltr'><strong>caucionem</strong></span> <span class='ocrx_word' id='word_1_231' title='bbox 1114 3221 1316 3288; x_wconf 87' lang='lat' dir='ltr'><strong>dilectorum</strong></span> <span class='ocrx_word' id='word_1_232' title='bbox 1345 3227 1379 3290; x_wconf 92' lang='lat' dir='ltr'><strong>in</strong></span> 
     </span>
     <span class='ocr_line' id='line_1_31' title="bbox 221 3308 1380 3396; baseline 0.001 -16"><span class='ocrx_word' id='word_1_233' title='bbox 221 3316 356 3381; x_wconf 87' lang='lat' dir='ltr'><strong>Christo</strong></span> <span class='ocrx_word' id='word_1_234' title='bbox 390 3312 632 3395; x_wconf 85' lang='lat' dir='ltr'><strong>magistrorum</strong></span> <span class='ocrx_word' id='word_1_235' title='bbox 668 3309 807 3373; x_wconf 90' lang='lat' dir='ltr'><strong>Henrici</strong></span> <span class='ocrx_word' id='word_1_236' title='bbox 842 3308 883 3371; x_wconf 93' lang='lat' dir='ltr'><strong>de</strong></span> <span class='ocrx_word' id='word_1_237' title='bbox 919 3308 1106 3374; x_wconf 88' lang='lat' dir='ltr'><strong>Neuwerke</strong></span> <span class='ocrx_word' id='word_1_238' title='bbox 1141 3320 1175 3377; x_wconf 89' lang='lat' dir='ltr'><strong>et</strong></span> <span class='ocrx_word' id='word_1_239' title='bbox 1210 3314 1380 3396; x_wconf 90' lang='lat' dir='ltr'><strong>Johannis</strong></span> 
     </span>
     <span class='ocr_line' id='line_1_32' title="bbox 222 3401 1378 3487; baseline 0.003 -16"><span class='ocrx_word' id='word_1_240' title='bbox 222 3407 372 3481; x_wconf 85' lang='lat' dir='ltr'><strong>Clarelle,</strong></span> <span class='ocrx_word' id='word_1_241' title='bbox 389 3405 586 3469; x_wconf 90' lang='lat' dir='ltr'><strong>clericorum</strong></span> <span class='ocrx_word' id='word_1_242' title='bbox 610 3410 817 3476; x_wconf 91' lang='lat' dir='ltr'><strong>nostrorum,</strong></span> <span class='ocrx_word' id='word_1_243' title='bbox 838 3401 993 3484; x_wconf 90' lang='lat' dir='ltr'><strong>benigne,</strong></span> <span class='ocrx_word' id='word_1_244' title='bbox 1018 3402 1046 3465; x_wconf 94' lang='lat' dir='ltr'><strong>si</strong></span> <span class='ocrx_word' id='word_1_245' title='bbox 1069 3402 1193 3486; x_wconf 90' lang='lat' dir='ltr'><strong>placet,</strong></span> <span class='ocrx_word' id='word_1_246' title='bbox 1217 3407 1378 3487; x_wconf 88' lang='lat' dir='ltr'><strong>liberetis,</strong></span> 
     </span>
     <span class='ocr_line' id='line_1_33' title="bbox 221 3492 1379 3584; baseline 0.003 -22"><span class='ocrx_word' id='word_1_247' title='bbox 221 3501 281 3584; x_wconf 92' lang='lat' dir='ltr'><strong>qui</strong></span> <span class='ocrx_word' id='word_1_248' title='bbox 303 3498 411 3573; x_wconf 84' lang='lat' dir='ltr'><strong>vobis,</strong></span> <span class='ocrx_word' id='word_1_249' title='bbox 431 3497 519 3559; x_wconf 88' lang='lat' dir='ltr'><strong>sicut</strong></span> <span class='ocrx_word' id='word_1_250' title='bbox 542 3494 781 3568; x_wconf 69' lang='lat' dir='ltr'><strong>intelleximus</strong></span> <span class='ocrx_word' id='word_1_251' title='bbox 799 3492 944 3556; x_wconf 86' lang='lat' dir='ltr'><strong>fideliter</strong></span> <span class='ocrx_word' id='word_1_252' title='bbox 960 3495 1200 3576; x_wconf 74' lang='lat' dir='ltr'><strong>repromittant</strong></span> <span class='ocrx_word' id='word_1_253' title='bbox 1223 3506 1257 3563; x_wconf 90' lang='lat' dir='ltr'><strong>et</strong></span> <span class='ocrx_word' id='word_1_254' title='bbox 1279 3521 1379 3565; x_wconf 87' lang='lat' dir='ltr'><strong>cave-</strong></span> 
     </span>
     <span class='ocr_line' id='line_1_34' title="bbox 221 3584 1378 3672; baseline 0.001 -16"><span class='ocrx_word' id='word_1_255' title='bbox 221 3594 310 3656; x_wconf 94' lang='lat' dir='ltr'><strong>bunt</strong></span> <span class='ocrx_word' id='word_1_256' title='bbox 334 3590 375 3653; x_wconf 87' lang='lat' dir='ltr'><strong>de</strong></span> <span class='ocrx_word' id='word_1_257' title='bbox 400 3588 520 3652; x_wconf 89' lang='lat' dir='ltr'><strong>eodem</strong></span> <span class='ocrx_word' id='word_1_258' title='bbox 543 3606 604 3670; x_wconf 90' lang='lat' dir='ltr'><strong>per</strong></span> <span class='ocrx_word' id='word_1_259' title='bbox 627 3585 753 3660; x_wconf 91' lang='lat' dir='ltr'><strong>omnia,</strong></span> <span class='ocrx_word' id='word_1_260' title='bbox 778 3585 866 3648; x_wconf 88' lang='lat' dir='ltr'><strong>sicut</strong></span> <span class='ocrx_word' id='word_1_261' title='bbox 890 3584 1023 3661; x_wconf 80' lang='lat' dir='ltr'><strong>vultis³,</strong></span> <span class='ocrx_word' id='word_1_262' title='bbox 1047 3586 1141 3668; x_wconf 90' lang='lat' dir='ltr'><strong>quod</strong></span> <span class='ocrx_word' id='word_1_263' title='bbox 1164 3609 1226 3672; x_wconf 92' lang='lat' dir='ltr'><strong>pro</strong></span> <span class='ocrx_word' id='word_1_264' title='bbox 1250 3592 1378 3658; x_wconf 91' lang='lat' dir='ltr'><strong>honore</strong></span> 
     </span>
    </p>
   </div>
   <div class='ocr_carea' id='block_1_7' title="bbox 221 3677 1379 3839">
    <p class='ocr_par' dir='ltr' id='par_1_7' title="bbox 221 3677 1379 3839">
     <span class='ocr_line' id='line_1_35' title="bbox 222 3677 1379 3749; baseline 0.002 -2"><span class='ocrx_word' id='word_1_265' title='bbox 222 3684 286 3746; x_wconf 88' lang='lat' dir='ltr'><strong>Dei</strong></span> <span class='ocrx_word' id='word_1_266' title='bbox 303 3689 338 3746; x_wconf 88' lang='lat' dir='ltr'><strong>et</strong></span> <span class='ocrx_word' id='word_1_267' title='bbox 355 3687 472 3744; x_wconf 91' lang='lat' dir='ltr'><strong>sancte</strong></span> <span class='ocrx_word' id='word_1_268' title='bbox 490 3679 627 3742; x_wconf 87' lang='lat' dir='ltr'><strong>ecclesie</strong></span> <span class='ocrx_word' id='word_1_269' title='bbox 644 3684 677 3741; x_wconf 87' lang='lat' dir='ltr'><strong>et</strong></span> <span class='ocrx_word' id='word_1_270' title='bbox 696 3677 847 3740; x_wconf 89' lang='lat' dir='ltr'><strong>utilitate</strong></span> <span class='ocrx_word' id='word_1_271' title='bbox 864 3685 982 3740; x_wconf 89' lang='lat' dir='ltr'><strong>nostra</strong></span> <span class='ocrx_word' id='word_1_272' title='bbox 999 3684 1032 3741; x_wconf 89' lang='lat' dir='ltr'><strong>et</strong></span> <span class='ocrx_word' id='word_1_273' title='bbox 1051 3685 1165 3743; x_wconf 86' lang='lat' dir='ltr'><strong>vestra</strong></span> <span class='ocrx_word' id='word_1_274' title='bbox 1182 3682 1379 3749; x_wconf 89' lang='lat' dir='ltr'><strong>nullatenus</strong></span> 
     </span>
     <span class='ocr_line' id='line_1_36' title="bbox 221 3775 402 3839; baseline -0.022 0"><span class='ocrx_word' id='word_1_275' title='bbox 221 3775 402 3839; x_wconf 89' lang='lat' dir='ltr'><strong>omittatis.</strong></span> 
     </span>
    </p>
   </div>
   <div class='ocr_carea' id='block_1_8' title="bbox 56 3872 1377 4234">
    <p class='ocr_par' dir='ltr' id='par_1_8' title="bbox 56 3872 1377 4146">
     <span class='ocr_line' id='line_1_37' title="bbox 59 3872 1377 3959; baseline 0.011 -28"><span class='ocrx_word' id='word_1_276' title='bbox 59 3896 142 3957; x_wconf 43' lang='lat' dir='ltr'><strong>urreis</strong></span> <span class='ocrx_word' id='word_1_277' title='bbox 154 3902 177 3937; x_wconf 71' lang='grc' dir='ltr'><strong>ιο</strong></span> <span class='ocrx_word' id='word_1_278' title='bbox 265 3878 414 3959; x_wconf 82' lang='lat' dir='ltr'><strong>[Eisdem</strong></span> <span class='ocrx_word' id='word_1_279' title='bbox 430 3875 482 3939; x_wconf 81' lang='lat' dir='ltr'><strong>die</strong></span> <span class='ocrx_word' id='word_1_280' title='bbox 498 3882 526 3938; x_wconf 80' lang='lat' dir='ltr'><strong>ct</strong></span> <span class='ocrx_word' id='word_1_281' title='bbox 541 3875 633 3954; x_wconf 64' lang='lat' dir='ltr'><strong>loco}</strong></span> <span class='ocrx_word' id='word_1_282' title='bbox 681 3872 900 3936; x_wconf 84' lang='lat' dir='ltr'><strong>Serenissimo</strong></span> <span class='ocrx_word' id='word_1_283' title='bbox 917 3872 1066 3948; x_wconf 91' lang='lat' dir='ltr'><strong>domino,</strong></span> <span class='ocrx_word' id='word_1_284' title='bbox 1084 3880 1161 3951; x_wconf 79' lang='lat' dir='ltr'><strong>etc,</strong></span> <span class='ocrx_word' id='word_1_285' title='bbox 1178 3876 1326 3942; x_wconf 86' lang='lat' dir='ltr'><strong>salutem</strong></span> <span class='ocrx_word' id='word_1_286' title='bbox 1343 3882 1377 3945; x_wconf 90' lang='lat' dir='ltr'><strong>in</strong></span> 
     </span>
     <span class='ocr_line' id='line_1_38' title="bbox 57 3947 1375 4050; baseline 0.01 -26"><span class='ocrx_word' id='word_1_287' title='bbox 57 3947 199 4038; x_wconf 56' lang='lat' dir='ltr'><strong>fflifflgm</strong></span> <span class='ocrx_word' id='word_1_288' title='bbox 220 3973 283 4046; x_wconf 88' lang='lat' dir='ltr'><strong>Eo,</strong></span> <span class='ocrx_word' id='word_1_289' title='bbox 321 3978 385 4033; x_wconf 87' lang='lat' dir='ltr'><strong>etc.</strong></span> <span class='ocrx_word' id='word_1_290' title='bbox 433 3966 716 4030; x_wconf 86' lang='lat' dir='ltr'><strong>Dominacionem</strong></span> <span class='ocrx_word' id='word_1_291' title='bbox 753 3971 904 4026; x_wconf 89' lang='lat' dir='ltr'><strong>vestram</strong></span> <span class='ocrx_word' id='word_1_292' title='bbox 941 3969 1075 4028; x_wconf 84' lang='lat' dir='ltr'><strong>attente</strong></span> <span class='ocrx_word' id='word_1_293' title='bbox 1102 3969 1304 4050; x_wconf 88' lang='lat' dir='ltr'><strong>requirimus</strong></span> <span class='ocrx_word' id='word_1_294' title='bbox 1341 3981 1375 4038; x_wconf 87' lang='lat' dir='ltr'><strong>et</strong></span> 
     </span>
     <span class='ocr_line' id='line_1_39' title="bbox 56 4047 1377 4146; baseline 0.007 -27"><span class='ocrx_word' id='word_1_295' title='bbox 56 4047 148 4093; x_wconf 49' lang='lat' dir='ltr'><strong>‘lm</strong></span> <span class='ocrx_word' id='word_1_296' title='bbox 221 4081 379 4146; x_wconf 83' lang='lat' dir='ltr'><strong>rogamus</strong></span> <span class='ocrx_word' id='word_1_297' title='bbox 398 4059 563 4143; x_wconf 89' lang='lat' dir='ltr'><strong>quatinus</strong></span> <span class='ocrx_word' id='word_1_298' title='bbox 582 4057 746 4120; x_wconf 90' lang='lat' dir='ltr'><strong>dilectum</strong></span> <span class='ocrx_word' id='word_1_299' title='bbox 766 4056 801 4118; x_wconf 87' lang='lat' dir='ltr'><strong>in</strong></span> <span class='ocrx_word' id='word_1_300' title='bbox 821 4055 955 4118; x_wconf 84' lang='lat' dir='ltr'><strong>Christo</strong></span> <span class='ocrx_word' id='word_1_301' title='bbox 976 4055 1093 4133; x_wconf 89' lang='lat' dir='ltr'><strong>filium,</strong></span> <span class='ocrx_word' id='word_1_302' title='bbox 1115 4058 1314 4143; x_wconf 86' lang='lat' dir='ltr'><strong>Rycardum</strong></span> <span class='ocrx_word' id='word_1_303' title='bbox 1335 4065 1377 4128; x_wconf 91' lang='lat' dir='ltr'><strong>de</strong></span> 
     </span>
    </p>

    <p class='ocr_par' dir='ltr' id='par_1_9' title="bbox 220 4146 1376 4234">
     <span class='ocr_line' id='line_1_40' title="bbox 220 4146 1376 4234; baseline 0.003 -17"><span class='ocrx_word' id='word_1_304' title='bbox 220 4153 472 4225; x_wconf 77' lang='lat' dir='ltr'><strong>Sclrirebume4,</strong></span> <span class='ocrx_word' id='word_1_305' title='bbox 511 4150 670 4213; x_wconf 91' lang='lat' dir='ltr'><strong>clericum</strong></span> <span class='ocrx_word' id='word_1_306' title='bbox 709 4155 876 4221; x_wconf 90' lang='lat' dir='ltr'><strong>nostrum,</strong></span> <span class='ocrx_word' id='word_1_307' title='bbox 916 4146 960 4209; x_wconf 86' lang='lat' dir='ltr'><strong>ad</strong></span> <span class='ocrx_word' id='word_1_308' title='bbox 999 4153 1303 4234; x_wconf 86' lang='lat' dir='ltr'><strong>manucapcionem</strong></span> <span class='ocrx_word' id='word_1_309' title='bbox 1341 4166 1376 4221; x_wconf 88' lang='lat' dir='ltr'><strong>et</strong></span> 
     </span>
    </p>
   </div>
   <div class='ocr_carea' id='block_1_9' title="bbox 219 4237 1377 4325">
    <p class='ocr_par' dir='ltr' id='par_1_10' title="bbox 219 4237 1377 4325">
     <span class='ocr_line' id='line_1_41' title="bbox 219 4237 1377 4325; baseline 0 -14"><span class='ocrx_word' id='word_1_310' title='bbox 219 4265 373 4310; x_wconf 89' lang='lat' dir='ltr'><strong>securam</strong></span> <span class='ocrx_word' id='word_1_311' title='bbox 385 4243 582 4307; x_wconf 86' lang='lat' dir='ltr'><strong>caucionem</strong></span> <span class='ocrx_word' id='word_1_312' title='bbox 595 4240 836 4323; x_wconf 90' lang='lat' dir='ltr'><strong>magistrorum</strong></span> <span class='ocrx_word' id='word_1_313' title='bbox 849 4237 893 4300; x_wconf 90' lang='lat' dir='ltr'><strong>H.</strong></span> <span class='ocrx_word' id='word_1_314' title='bbox 907 4237 949 4300; x_wconf 89' lang='lat' dir='ltr'><strong>de</strong></span> <span class='ocrx_word' id='word_1_315' title='bbox 962 4237 992 4300; x_wconf 96' lang='lat' dir='ltr'>N</span> <span class='ocrx_word' id='word_1_316' title='bbox 995 4243 1149 4305; x_wconf 89' lang='lat' dir='ltr'><strong>euwerke</strong></span> <span class='ocrx_word' id='word_1_317' title='bbox 1160 4250 1195 4307; x_wconf 92' lang='lat' dir='ltr'><strong>et</strong></span> <span class='ocrx_word' id='word_1_318' title='bbox 1207 4244 1377 4325; x_wconf 90' lang='lat' dir='ltr'><strong>Johannis</strong></span> 
     </span>
    </p>
   </div>
   <div class='ocr_carea' id='block_1_10' title="bbox 63 2637 141 2678">
    <p class='ocr_par' dir='ltr' id='par_1_11' title="bbox 63 2637 141 2678">
     <span class='ocr_line' id='line_1_42' title="bbox 63 2637 141 2678; baseline -0.013 0"><span class='ocrx_word' id='word_1_319' title='bbox 63 2637 99 2678; x_wconf 86' lang='lat' dir='ltr'><strong>Fo.</strong></span> <span class='ocrx_word' id='word_1_320' title='bbox 111 2640 141 2677; x_wconf 81' lang='lat'><strong>14.</strong></span> 
     </span>
    </p>
   </div>
   <div class='ocr_carea' id='block_1_11' title="bbox 252 4375 1238 4515">
    <p class='ocr_par' dir='ltr' id='par_1_12' title="bbox 252 4375 1238 4515">
     <span class='ocr_line' id='line_1_43' title="bbox 254 4375 1078 4433; baseline -0.008 0"><span class='ocrx_word' id='word_1_321' title='bbox 254 4382 500 4433; x_wconf 76' lang='lat' dir='ltr'><strong>¹Fromro.120d.</strong></span> <span class='ocrx_word' id='word_1_322' title='bbox 858 4375 968 4423; x_wconf 81' lang='lat' dir='ltr'><strong>⁸Wltis</strong></span> <span class='ocrx_word' id='word_1_323' title='bbox 1008 4377 1078 4426; x_wconf 92' lang='lat' dir='ltr'><strong>lbid.</strong></span> 
     </span>
     <span class='ocr_line' id='line_1_44' title="bbox 252 4441 1238 4515; baseline -0.002 -15"><span class='ocrx_word' id='word_1_324' title='bbox 252 4451 451 4515; x_wconf 68' lang='lat' dir='ltr'><strong>’scyreburne</strong></span> <span class='ocrx_word' id='word_1_325' title='bbox 490 4448 537 4496; x_wconf 79' lang='lat' dir='ltr'><strong>Fo.</strong></span> <span class='ocrx_word' id='word_1_326' title='bbox 557 4446 613 4494; x_wconf 79' lang='lat'>120.</span> <span class='ocrx_word' id='word_1_327' title='bbox 858 4441 1058 4504; x_wconf 76' lang='lat' dir='ltr'><strong>‘Scyreburne</strong></span> <span class='ocrx_word' id='word_1_328' title='bbox 1096 4446 1144 4494; x_wconf 89' lang='lat' dir='ltr'><strong>Fo.</strong></span> <span class='ocrx_word' id='word_1_329' title='bbox 1162 4448 1238 4498; x_wconf 83' lang='lat' dir='ltr'><strong>l20d.</strong></span> 
     </span>
    </p>
   </div>
   <div class='ocr_carea' id='block_1_12' title="bbox 0 0 1502 4996">
    <p class='ocr_par' dir='ltr' id='par_1_13' title="bbox 0 0 1502 4996">
     <span class='ocr_line' id='line_1_45' title="bbox 0 0 1502 4996; baseline 0 5"><span class='ocrx_word' id='word_1_330' title='bbox 0 0 1502 4996; x_wconf 95' lang='lat' dir='ltr'><strong> </strong></span> 
     </span>
    </p>
   </div>
  </div>
 </body>
</html>
