2994 4996
258 461 318 525 166
365 481 431 526 THE
454 479 616 526 REGISTER
638 480 679 524 OF
700 479 911 525 ARCHBISHOP
932 479 1079 524 WILLIAM
1101 478 1302 524 WICKWANE.
1328 535 1332 537 Α

257 633 349 698 idem
369 634 476 699 clerus
497 656 518 698 a
537 632 737 698 visitacione
757 632 1009 717 metropolitica
1028 633 1073 698 sit
1093 638 1128 697 et
1148 632 1251 698 fuerit
1271 653 1413 717 prorsus

257 725 342 789 liber
367 733 401 791 et
427 725 599 802 immunis,
627 732 661 790 et
687 725 722 789 in
748 725 967 809 possessione,
994 724 1049 789 vel
1074 724 1184 808 quasi,
1210 723 1412 810 hujusmodi
1460 735 1461 738 ’

257 817 426 882 libertatis
442 818 594 901 predicte
610 818 776 882 hactenus
792 817 836 882 sit
853 823 888 880 et
904 816 1007 880 fuerit
1024 817 1221 881 inconcusse
1236 838 1243 893 ;
1276 836 1412 881 necnon

258 915 293 973 et
312 930 413 993 super
430 910 495 974 hiis
513 909 715 993 specialibus
734 909 916 993 privilegiis
935 908 1140 973 sufficienter
1157 907 1323 985 munitus,
1343 927 1413 992 que

259 1008 401 1084 paratus
433 1022 510 1065 sum
543 1001 658 1065 debite
691 1001 849 1064 exhibere
882 1021 997 1064 coram
1029 999 1143 1084 judice
1176 999 1412 1083 competentit

260 1114 332 1165 VOS,
349 1093 527 1157 dominum
545 1092 836 1176 archiepiscopum
857 1093 1118 1168 Eboracensem,
1136 1092 1181 1156 ad
1201 1090 1414 1156 visitacionis

259 1184 408 1249 officium
439 1185 684 1248 excercendum
715 1184 897 1249 admittere
927 1205 996 1247 non
1027 1190 1175 1260 tenetur,
1206 1204 1268 1247 nec
1298 1181 1413 1267 ips'um

260 1276 386 1340 clerum
410 1277 548 1361 propria
572 1276 778 1341 auctoritate
803 1276 847 1340 ad
865 1271 1022 1340 'vestram
1047 1275 1284 1340 visitacionem
1307 1274 1414 1340 susci-

259 1368 420 1451 piendam
436 1368 637 1452 compellere
653 1369 694 1432 de
709 1369 783 1452 jure
799 1366 944 1452 potestis
959 1368 1014 1443 vel
1030 1367 1172 1432 debetis.
1203 1367 1261 1445 Et,
1277 1386 1320 1430 ne
1336 1387 1411 1443 voS,

259 1459 396 1523 domine
425 1460 685 1543 archiepiscope,
715 1460 770 1524 vel
792 1460 905 1543 quivis
934 1459 1020 1523 alius
1048 1465 1164 1523 vestra
1192 1458 1412 1534 auctoritate,

259 1551 371 1635 ipsum
390 1551 517 1616 clerum
535 1551 569 1615 in
588 1551 681 1615 dicta
699 1573 760 1616 sua
778 1551 998 1635 possessione,
1017 1551 1072 1614 vel
1089 1551 1198 1635 quasi,
1217 1570 1287 1615 non
1304 1549 1413 1634 perci·

259 1643 374 1726 piendi
399 1643 636 1707 visitacionem
662 1643 949 1727 metropoliticam
974 1642 1173 1719 molestetis
1201 1641 1411 1726 inquietetis,

259 1741 320 1799 aut
346 1735 564 1818 perturbetis,
591 1735 760 1811 molestet,
788 1735 966 1819 inquietet,
994 1740 1056 1799 aut
1081 1734 1270 1818 perturbet,
1297 1733 1412 1797 minus

257 1826 350 1909 juste
365 1849 372 1903 ;
406 1833 478 1903 aut,
496 1825 619 1910 spretis
636 1826 908 1891 recusacionibus
925 1832 985 1890 aut
1003 1825 1264 1909 excepcionibus
1280 1824 1412 1909 predic-

259 1917 314 1994 tis,
333 1919 460 1982 clerum
477 1925 538 1983 aut
555 1919 721 2002 populum
738 1918 768 1982 ei
784 1918 952 1982 creditum
969 1917 1182 2001 compellatis
1198 1917 1243 1982 ad
1259 1922 1413 1981 vestram

258 2009 494 2074 visitacionem
533 2011 794 2094 suscipiendam,
834 2010 889 2074 vel
928 2031 968 2074 ea
1006 2009 1181 2073 occasione
1219 2008 1412 2073 sentencias

258 2102 498 2185 suspensionis,
521 2101 704 2178 interdicti,
728 2102 782 2165 vel
805 2101 1169 2166 excommunicacionis
1191 2101 1227 2165 in
1248 2120 1412 2184 personas

94 2253 112 2293 Α
170 2255 196 2293 Η
258 2213 386 2269 eorum,
419 2194 473 2257 vel
506 2214 622 2257 eorum
653 2194 739 2270 loca,
772 2193 963 2277 proferatis,
997 2199 1058 2257 aut
1088 2192 1232 2277 proferri
1263 2191 1410 2268 faciatis,

94 2265 169 2343 uim
185 2266 211 2364 ‚⁰
257 2292 510 2350 sacrosanctam
529 2285 651 2350 Sedem
669 2284 902 2369 Apostolicam
921 2285 955 2349 in
974 2285 1038 2349 hiis
1055 2284 1190 2368 scriptis
1207 2304 1358 2368 provoco
1376 2289 1411 2347 et

92 2355 203 2445 idi⁵²⁰¹¹⁰
257 2377 402 2460 appell0,
432 2383 467 2441 et
496 2377 669 2461 apostolos
697 2378 866 2442 instanter
893 2384 997 2461 peto;
1053 2397 1249 2460 supponens
1277 2375 1411 2439 dictum

257 2468 384 2532 clerum
401 2475 435 2532 et
447 2470 475 2553 ej
481 2469 601 2533 usdem
615 2469 701 2545 loca,
714 2470 871 2533 ecclesias
883 2476 917 2534 et
929 2469 1095 2553 populum
1107 2469 1217 2532 eidem
1229 2467 1410 2543 creditum,

257 2567 291 2624 et
308 2560 424 2625 omnia
440 2560 531 2624 bono
547 2561 692 2645 predicti
709 2561 787 2625 cleri
804 2560 944 2624 mobilia
960 2567 994 2624 et
1011 2560 1187 2624 inmobilia
1203 2558 1413 2643 proteccioni

258 2658 291 2716 et
309 2651 497 2716 defensioni
513 2659 728 2717 sacrosancte
744 2653 840 2717 Sedis
856 2652 1052 2736 Apostolice
1068 2651 1275 2735 supradicte.

92 2758 229 2858 &yyy-y
300 2758 375 2826 454.
424 2744 464 2807 In
494 2745 643 2808 crastino
673 2744 792 2809 Sancti
820 2744 989 2827 Johannis
1019 2743 1178 2827 Baptiste
1207 2742 1312 2825 (June
1342 2745 1409 2824 25),

92 2859 212 2899 thearchb.
259 2835 352 2900 1281.
400 2835 959 2920 ScyreburnejuxtaDunelmum.
1007 2836 1048 2899 In
1061 2835 1126 2899 Dei
1139 2835 1276 2899 nomine
1289 2833 1411 2898 Amen.

91 2909 200 3009 lsssslfflng
257 2926 343 2991 Cum
364 2949 436 3004 nos,
459 2927 658 3004 Willelmus
689 2928 920 3011 permissione,
950 2934 1027 3004 etc,
1058 2927 1246 2991 secundum
1275 2931 1412 2990 statuta

92 3009 217 3100 ξῗῃνζῗξῇ
257 3025 455 3082 sanctorum
469 3026 609 3103 patrum
622 3019 783 3103 patriam,
802 3019 989 3095 civitatem,
1003 3026 1038 3084 et
1048 3018 1222 3102 propriam
1237 3017 1412 3102 dyocesim
1429 3044 1435 3054 ¹

92 3110 210 3200 ‘3323‘
257 3116 411 3174 nostram
451 3110 702 3175 Eboracensem
729 3132 831 3195 super
857 3111 983 3175 clerum
1002 3117 1038 3174 et
1062 3111 1229 3194 populum
1257 3109 1412 3193 ejusdem

258 3202 412 3285 dyocesis
422 3209 547 3279 nostre,
565 3204 762 3267 tramitibus
773 3224 815 3266 ex
826 3203 1013 3266 tradicione
1026 3202 1111 3287 juris
1126 3202 1161 3265 in
1176 3202 1241 3265 hoc
1255 3222 1337 3265 casu
1352 3220 1412 3284 per

234 3371 238 3379 ι
258 3294 374 3357 omnia
390 3294 591 3371 observatis
608 3316 718 3379 nuper
734 3316 775 3358 ex
792 3295 892 3359 officii
909 3295 1016 3359 nostri
1033 3294 1161 3370 debito,
1179 3299 1351 3377 quantum
1368 3291 1412 3356 ad

258 3406 320 3448 nos
334 3386 471 3462 attinet,
487 3387 721 3451 visitassemus
737 3409 744 3463 ;
772 3387 991 3471 disponentes
1005 3385 1237 3470 postmodum,
1253 3384 1413 3468 precipue

258 3477 465 3542 auctoritate
494 3478 752 3543 constitucionis
782 3478 920 3543 Concilii
950 3477 1197 3561 Lugdunensis
1220 3476 1285 3540 sub
1311 3475 1414 3540 Inno-

258 3569 371 3632 centio
386 3591 478 3653 papa
492 3576 616 3653 quarto
631 3571 803 3647 celebrati,
819 3591 879 3654 per
893 3576 1005 3635 totam
1020 3569 1233 3653 provinciam
1257 3574 1412 3632 nostram

258 3661 446 3725 secundum
496 3662 642 3726 formam
692 3662 950 3726 constitucionis
999 3662 1153 3745 ejusdem
1202 3657 1414 3723 visitacionis

259 3751 408 3816 officium
422 3774 595 3818 excercere
611 3777 618 3830 ;
645 3775 685 3818 ac
698 3753 756 3831 sic,
782 3775 823 3817 ex
848 3754 1000 3838 quadam
1015 3753 1197 3817 affeccione
1211 3749 1412 3835 precordiali

258 3844 303 3907 ad
326 3844 504 3909 civitatem
528 3852 562 3909 et
586 3846 759 3929 dyocesim
782 3846 1039 3921 DunelmenseS,
1063 3844 1174 3909 solum
1197 3843 1242 3907 ad
1265 3842 1413 3907 salutem

258 3935 451 4000 animarum
470 3937 682 4020 superiorum
701 3944 735 4001 et
754 3938 951 4002 inferiorum
971 3937 1049 4001 cleri
1068 3943 1103 4000 et
1121 3935 1239 4019 populi
1258 3933 1413 4017 ejusdem

92 4067 232 4118 Thebishop,
258 4027 410 4092 civitatis
441 4035 476 4093 et
508 4029 672 4112 dyocesis,
705 4051 851 4113 quorum
883 4029 1051 4113 quosdam
1083 4027 1279 4092 audivimus
1310 4045 1413 4108 super

93 4119 212 4167 Psi⁰¹ta¹¹d
258 4119 466 4202 quibusdam
501 4121 779 4201 [slcelestioribus
814 4121 952 4185 infamie
987 4127 1071 4185 nota
1106 4117 1263 4203 respergi,
1299 4117 1413 4201 gracia

92 4173 186 4208 convent
198 4170 220 4209 of

93 4218 225 4317 ffyffio
258 4211 468 4313 visitacionis
512 4212 694 4278 salubriter
736 4213 963 4297 impendende
1007 4211 1209 4276 descendere
1253 4208 1413 4293 primitus

93 4318 235 4416 yygf'iiythe
259 4303 498 4380 intendentes;
539 4305 724 4369 venerabili
745 4305 843 4369 fratri
863 4311 991 4377 nostr0,
1014 4303 1153 4367 domino
1172 4322 1265 4366 nunc
1284 4299 1413 4365 Dunel-

93 4419 210 4478 causatu,
222 4426 245 4462 to
257 4395 365 4458 mensi
397 4396 566 4480 episcop0,
600 4418 640 4461 ac
670 4397 774 4480 priori
805 4403 839 4461 et
871 4395 1056 4460 conventui
1087 4394 1242 4478 ejusdem
1273 4391 1411 4456 ecclesie

92 4468 215 4512 ΜΝ·
258 4486 473 4565 cathedralis,
498 4489 624 4553 nostris
646 4488 780 4567 litteris,
804 4509 951 4572 quarum
975 4486 1109 4571 copiam
1133 4505 1237 4570 penes
1260 4504 1322 4548 nos
1346 4483 1411 4548 sub
