2994 4996
275 501 342 548 THE
365 500 528 547 REGISTER
549 500 591 547 OF
612 500 824 546 ARCHBISHOP
845 498 994 546 WILLIAM
1015 497 1216 545 WICKWANE.
1266 497 1326 564 299
1409 550 1412 555 ,

165 659 429 725 caritatis-de
459 657 717 743 Omnipotentis
759 657 824 723 Dei
855 656 1097 736 misericordia,
1129 655 1326 724 beatissime

167 752 272 816 Marie
285 751 433 837 Virginis
447 750 601 836 gloriose,
615 750 710 816 beati
724 749 892 829 Nicholai,
907 749 1002 816 beati
1014 749 1156 829 Thome,
1170 749 1326 834 ejusdem

167 844 304 908 ecclesie
343 840 580 928 patronorum,
620 842 844 927 omniumque
882 848 1082 908 sanctorum
1120 841 1252 916 meritis
1290 847 1326 907 et

163 936 325 1020 ¹precibus
342 935 563 1012 confidentes,
580 934 704 1020 viginti
719 934 792 999 dies
808 933 850 998 de
865 934 1024 1019 injuncta
1038 933 1104 999 sibi
1119 933 1325 1018 penitencia,

167 1028 376 1092 auctoritate
409 1025 609 1111 pontificali,
643 1025 907 1091 misericorditer
937 1026 1142 1103 relaxamus,
1165 1025 1326 1091 omnibus

167 1126 283 1184 nostre
294 1120 477 1204 dyoceseos
493 1119 566 1200 (sic)
577 1117 804 1203 parochianis
817 1117 873 1182 vel
883 1117 1028 1183 aliorum
1038 1117 1250 1202 prelatorum
1258 1119 1325 1199 [ut]

167 1211 332 1276 beneficia
345 1210 535 1275 consimilia
547 1231 610 1294 pro
624 1216 698 1275 tam
711 1209 760 1295 pii
773 1209 884 1295 operis
898 1209 1072 1296 adjutorio
1085 1209 1151 1276 sibi
1163 1208 1326 1294 prosint,1

168 1310 285 1368 tenore
317 1302 529 1387 presencium
561 1301 700 1386 insuper
729 1301 956 1386 indulgentes.
1002 1301 1084 1378 Vos,
1115 1300 1231 1386 igitur,
1263 1321 1327 1388 pro

168 1394 435 1479 participacione
445 1393 658 1478 indulgencie
668 1394 727 1479 huj
732 1394 878 1472 usmodi,
891 1393 935 1458 ad
945 1393 1186 1459 execucionem
1195 1391 1327 1479 negocii

169 1508 268 1551 aures
283 1493 427 1564 vestras,
445 1507 524 1551 cum
540 1485 694 1570 requisiti
710 1485 854 1557 fueritis,
871 1485 1108 1551 favorabiliter
1122 1484 1327 1552 acomodare

169 1579 292 1644 velitis.
340 1579 382 1642 In
397 1578 450 1663 cuj
456 1598 496 1643 us
510 1577 558 1642 rei
574 1577 811 1643 testimonium
826 1577 973 1664 sigillum
988 1583 1147 1644 nostrum
1160 1576 1327 1663 presenti-

168 1672 234 1735 bus
252 1678 303 1736 est
322 1691 523 1755 appensum.
1104 1705 1106 1709 ·

213 1807 287 1873 729.
335 1787 489 1853 Salutem
506 1808 612 1872 quam
630 1786 748 1872 genuit
766 1786 933 1853 divinitus
950 1807 1119 1874 puerpera
1134 1786 1325 1874 singularis.
1340 1787 1415 1879 {ggffi‘

130 1922 132 1926 -
170 1882 273 1945 Pater
297 1879 510 1957 amicissime,
534 1885 651 1944 vestra
674 1878 891 1964 beneplacita
912 1880 1027 1964 parati
1049 1900 1168 1946 sumus
1191 1899 1325 1965 exequi,
1340 1889 1432 1980 effigiet

169 1972 367 2038 studiosius
384 1971 489 2036 velud
518 1976 660 2048 nostra;
697 1977 761 2049 set,
781 1991 869 2049 ecce,
894 1971 937 2036 de
966 1978 1177 2038 testamento
1196 1951 1367 2038 dominim

169 2065 222 2142 G.,
235 2064 410 2149 quondam
431 2063 568 2128 ecclesie
588 2069 704 2128 nostre
724 2063 941 2141 subdecani,²
960 2084 1020 2130 seu
1040 2063 1083 2128 de
1102 2063 1202 2130 bonis
1221 2069 1327 2129 testa-

169 2163 327 2221 mentum
365 2156 479 2241 ipsum
517 2155 808 2240 contingentibus,
849 2155 893 2221 ad
931 2176 994 2222 nos
1032 2155 1220 2222 inmediate
1257 2175 1328 2221 non

170 2249 320 2332 pertinet
341 2247 515 2312 ordinacio
536 2246 592 2311 vel
613 2246 778 2313 discussio
800 2247 968 2333 aliqualis,
989 2268 1053 2334 pro
1073 2268 1114 2313 eo
1134 2247 1230 2333 quod
1249 2268 1327 2333 pro·
1375 2302 1383 2319 ,

169 2341 329 2406 baciones
365 2345 654 2404 testamentorum
689 2339 932 2406 canonicorum
967 2339 1105 2406 ecclesie
1139 2345 1257 2407 nostre
1291 2345 1327 2405 et

171 2431 481 2497 administracionis
504 2430 669 2496 canonica
692 2431 864 2497 concessio
887 2431 932 2497 ad
955 2431 1147 2517 capitulum
1169 2438 1328 2499 nostrum

171 2530 330 2608 spectant
344 2524 386 2587 de
400 2522 647 2588 consuetudine
660 2544 727 2608 que
741 2529 794 2589 est
806 2524 974 2601 hactenus
986 2530 1136 2602 servata,
1150 2523 1334 2609 quatinus,

171 2638 250 2681 cum
275 2614 488 2680 commodius
512 2614 711 2698 poterimus,
737 2635 778 2681 ea
801 2636 1003 2701 promovere
1027 2615 1235 2694 curabimus,
1260 2636 1328 2701 que

171 2707 347 2792 scripistis,
370 2712 473 2791 prout
495 2705 656 2772 dilectus³
677 2707 777 2773 nobis
797 2707 961 2793 magister
981 2708 1131 2774 Thomas
1152 2707 1195 2774 de
1217 2707 1326 2774 Buck’

171 2800 270 2864 vobis
288 2799 387 2864 novit
405 2818 574 2883 exponere
592 2798 729 2864 oraculo
747 2799 827 2864 vive
844 2799 949 2866 vocis
996 2799 1182 2866 Conservet
1199 2798 1328 2884 incolu-

171 2892 330 2958 mitatem
353 2897 516 2969 vestram,
540 2896 605 2955 etc.

215 3014 289 3079 730.
337 3013 357 3079 7
386 2994 454 3059 kal.
485 2994 580 3071 Feb,
605 3015 696 3059 anno
719 3014 751 3077 3,
782 2995 875 3079 (Jan.
906 2995 960 3074 26,
991 2996 1138 3080 1281·2).
1184 2995 1483 3089 Scrobyfflffffiss

172 3089 311 3152 Decano
338 3087 379 3151 de
407 3086 556 3151 Bulmer.
604 3087 783 3171 Reprobos
808 3093 843 3153 et
869 3087 1105 3156 ecclesiasticis
1130 3088 1328 3159 ministeriis
1339 3097 1472 3189 3325&

171 3180 328 3264 indignos
352 3200 422 3244 non
447 3185 522 3243 tam
546 3184 744 3243 sanctorum
768 3186 910 3264 patrum
933 3180 1130 3248 sancciones
1154 3181 1200 3248 ad
1223 3183 1328 3251 eccle·
1341 3198 1456 3241 anaor

172 3272 310 3336 siastica
329 3270 494 3336 beneficia
511 3269 706 3354 promoveri
723 3271 919 3355 prohibent,
938 3293 1046 3358 quam
1063 3273 1151 3340 deici
1168 3279 1330 3344 statuunt
1343 3248 1433 3341 mi

173 3372 207 3429 et
230 3363 434 3448 precipiunt,
458 3361 674 3447 exigentibus
695 3361 881 3442 demeritis,
903 3364 976 3450 jam
997 3372 1185 3451 promotos.
1232 3366 1329 3447 Cum,

172 3456 287 3540 igitur,
314 3455 502 3520 Ricardum
519 3454 561 3518 de
578 3455 743 3533 Kesham,
767 3455 828 3540 qui
848 3454 1035 3541 aliquando
1058 3464 1171 3525 rector
1193 3458 1331 3526 ecclesie

174 3549 216 3613 de
233 3547 389 3624 Eskrike,
407 3555 523 3612 nostre
540 3546 706 3632 dyocesis,
724 3567 767 3612 ex
783 3547 1032 3633 multiplicibus
1048 3549 1160 3616 causis
1175 3551 1331 3631 notoriis,

174 3661 234 3725 per
263 3639 513 3704 commissarios
542 3645 678 3704 nostros
707 3639 863 3725 predicta
892 3640 1032 3707 ecclesia
1059 3641 1268 3727 judicialiter
1296 3648 1333 3711 et

174 3731 337 3796 canonice
361 3730 622 3815 privaverimus,
647 3752 688 3796 ac
704 3730 881 3797 ecclesiam
904 3731 1016 3817 ipsam
1044 3753 1106 3819 per
1120 3734 1333 3802 sentenciam

174 3823 460 3887 declaraverimus
494 3822 543 3887 sic
576 3828 783 3902 vacantem3
817 3823 882 3889 tibi
915 3825 1122 3891 mandamus
1155 3826 1331 3913 quatinus,

176 3914 296 3979 diebus
315 3913 504 3978 Dominicis
522 3920 558 3979 et
577 3913 651 3979 aliis
669 3915 903 4000 solempnibus
921 3922 957 3983 et
975 3916 1118 3996 festivis,
1137 3916 1174 3984 in
1192 3917 1333 3986 ecclesia

174 4007 250 4091 ipsa
271 4007 313 4070 de
335 4005 468 4090 Eskrig’
491 4011 527 4070 et
548 4005 622 4071 aliis
643 4005 967 4092 circumjacentibus
998 4014 1034 4075 et
1053 4008 1186 4089 viciuiS,
1218 4009 1334 4078 edicto

175 4097 311 4183 publice
350 4097 538 4182 proposito,
578 4097 763 4164 denuncies
801 4105 836 4164 et
874 4099 1097 4187 solempniter
1133 4101 1333 4169 denunciari

177 4191 283 4255 facias
297 4189 489 4274 predictam
502 4189 679 4255 ecclesiam
692 4190 740 4257 sic
753 4211 888 4270 vacare,
902 4197 944 4257 ut
956 4191 1166 4280 quicumque
1178 4193 1334 4280 ejusdem

180 4282 317 4346 ecclesie
331 4302 433 4346 verus
442 4288 610 4366 patronus
622 4282 889 4368 extiterit,quod
898 4304 1000 4350 suurn
1009 4284 1113 4351 fuerit
1125 4291 1332 4372 exequatur3

178 4374 328 4439 adiciens
348 4374 442 4459 quod
457 4395 478 4438 a
496 4373 763 4441 denunciacione
781 4375 982 4461 hujusmodi
1000 4376 1046 4444 ad
1064 4378 1334 4464 presentandum
1420 4380 1423 4395 '

292 4514 389 4564 1Sense
403 4514 556 4580 imperfect.
709 4514 896 4569 ”subdiaconi
1062 4514 1218 4571 ‘Diuum
