2994 4996
220 471 286 515 rim
309 460 471 518 nsms'mn
493 473 534 517 os
555 473 767 519 ARCHBISHOP
788 471 935 517 WILLIAM
956 472 1156 518 menwnun.
1209 454 1266 534 167

113 643 219 689 manu
243 624 382 709 publica
406 627 602 704 retinemus
629 627 689 691 diu
713 633 776 703 est,
802 625 995 691 dederimus
1019 626 1055 691 in
1079 624 1264 701 mandatis,

112 722 153 780 ut
168 737 203 781 se
219 717 253 780 in
268 717 417 782 crastino
432 717 550 784 Sancti
565 718 734 801 Johannis
749 718 918 802 Baptiste,
933 719 1000 783 hoc
1013 717 1159 782 instanti
1174 737 1265 782 anno

114 806 233 873 Gracie
258 809 482 874 M⁰oo⁰Lxxx⁰
503 810 624 894 prim0,
654 831 733 874 cum
761 809 886 874 effectu
914 815 1086 893 pararent,
1116 808 1265 874 officium

114 900 324 965 visitacionis
341 908 466 978 nostre,
484 922 590 986 quam
606 902 687 985 ipsis
703 901 739 965 in
755 901 895 966 basilica
911 901 999 966 sedis
1016 900 1170 986 ejusdem
1186 920 1265 964 cum

115 993 208 1057 omni
223 992 401 1057 dulcedine
416 994 513 1058 suavi
528 993 723 1077 impendere
738 992 831 1057 cordi
854 993 1147 1077 quamplurimum
1168 991 1267 1056 nobis

115 1091 200 1161 erat,
227 1084 415 1148 secundum
439 1085 524 1168 juris
550 1085 759 1169 exigenciam
785 1091 990 1169 recepturos.
1037 1085 1136 1162 Ecce,
1162 1104 1264 1160 nunc,

115 1183 194 1261 post
228 1176 419 1241 adventum
451 1183 608 1242 nostrum
641 1176 677 1240 in
710 1176 867 1260 partibus
899 1176 984 1253 istis,
1019 1197 1062 1240 ex
1095 1174 1266 1259 frequenti
1279 1232 1340 1283 may

116 1268 281 1332 relacione
311 1268 463 1332 fidelium
493 1268 688 1333 audivimus
717 1289 779 1352 pro
809 1268 993 1345 constanti,
1023 1267 1118 1352 quod
1146 1263 1376 1351 quam-vendut
1435 1264 1441 1281 ⁸

115 1361 228 1444 plures
243 1359 435 1442 iniquitatis
449 1360 519 1437 filii,
535 1360 692 1424 sedentes
710 1359 745 1424 in
763 1359 893 1424 insidiis
907 1380 948 1424 ac
965 1360 1076 1424 solum
1091 1365 1266 1424 versantes
1279 1332 1392 1424 illiti?

116 1453 152 1516 in
174 1452 333 1516 manibus
355 1458 390 1515 et
412 1451 512 1516 corde
534 1451 683 1536 maligno
706 1451 801 1516 dolos
823 1457 858 1514 et
880 1450 993 1516 obices
1014 1471 1075 1535 per
1096 1455 1264 1526 cementa,
1279 1433 1392 1534 {iffi

117 1565 186 1608 non
208 1543 318 1608 solum
341 1549 521 1608 extraneas
543 1549 577 1608 et
600 1543 790 1627 incognitas
813 1543 1048 1607 immunitates
1069 1542 1265 1627 singulares
1279 1514 1410 1632 ξῗςξξέξοξῗ

117 1641 237 1699 contra
260 1634 487 1699 universalem
511 1641 546 1699 et
569 1634 741 1699 notoriam
764 1634 972 1699 ordinariam
994 1634 1398 1718 jurisdiccionemfmohiw

117 1733 281 1804 nostram,
300 1748 340 1790 ac
355 1727 462 1791 eciam
478 1733 599 1791 contra
613 1725 804 1811 generalem
819 1725 1019 1791 universalis
1037 1726 1174 1792 ecclesie
1189 1746 1268 1790 con·
1281 1685 1390 1776 papum
1400 1685 1424 1723 ω

117 1818 335 1883 suetudinem
360 1824 395 1881 et
420 1839 550 1882 morem
576 1817 730 1882 omnium
755 1816 1098 1901 metropolitanorum
1123 1817 1268 1882 ubilibet
1281 1784 1379 1876 {iffi

117 1911 350 1987 observatum,
366 1931 427 1994 pro
441 1910 539 1975 libito
554 1931 615 1975 suo
629 1909 771 1974 subdole
786 1915 820 1974 et
834 1909 920 1974 falso
934 1910 1145 1994 confingunt,
1160 1909 1269 1974 solam

118 2002 383 2066 diuturnitatem
403 2001 566 2086 temporis
585 2001 784 2077 invalidam,
805 2007 840 2065 et
858 2000 989 2066 nullam
1008 2001 1111 2066 aliam
1130 2021 1269 2066 causam

115 2093 171 2157 vel
191 2093 334 2158 titulum
354 2093 502 2176 aliquem
523 2093 731 2178 allegantes3
770 2113 806 2158 se
826 2092 934 2158 eciam
953 2098 1067 2158 erecta
1086 2092 1215 2159 cervice
1235 2098 1271 2157 et

119 2186 234 2250 animo
266 2185 459 2261 inlmnit0‚1
492 2191 613 2249 contra
643 2184 880 2249 visitacionem
910 2190 1065 2264 nostram
1096 2191 1131 2249 et
1162 2184 1272 2250 nostri

119 2277 341 2341 excercicium
360 2276 470 2351 officii,
490 2283 710 2341 contumaces
728 2297 814 2341 ausu
831 2276 993 2361 sacrilego
1010 2297 1071 2360 per
1087 2277 1218 2360 nephas
1236 2282 1271 2340 et

119 2369 298 2433 obstacula
314 2368 464 2432 actualia
485 2374 671 2452 preparant
688 2375 722 2432 et
739 2368 889 2445 rebelles
906 2368 942 2432 in
958 2389 1061 2453 grave
1078 2369 1271 2433 animarum

119 2481 259 2524 suarum
276 2460 464 2544 periculum
481 2481 521 2524 ac
538 2459 761 2524 ecclesiastice
777 2459 947 2525 libertatis
964 2465 998 2524 et
1015 2459 1272 2544 metropolitani

118 2552 203 2635 juris
242 2552 349 2616 nostri
389 2551 616 2636 prejudicium
655 2551 887 2616 manifestum.
935 2551 1116 2635 Quoniam,
1156 2551 1271 2636 igitur,

121 2644 278 2727 exempla
311 2643 524 2727 presencium
558 2663 678 2707 cavere
712 2663 775 2707 nos
809 2648 1011 2726 premonent
1046 2643 1082 2707 in
1116 2642 1272 2708 futurum

121 2735 284 2799 dantibus
299 2735 510 2799 occasionem
525 2735 604 2799 huic
617 2734 788 2819 processui
802 2741 837 2799 et
851 2735 944 2799 iacto
958 2741 1087 2812 nostm,
1101 2733 1274 2819 preteritis

120 2827 350 2909 quorumdam
366 2826 474 2911 culpis
490 2833 524 2890 et
535 2826 682 2904 offensis,
695 2826 737 2890 de
747 2826 873 2910 quibus
882 2847 943 2910 per
952 2826 1096 2904 litteras,
1107 2825 1275 2891 mandata

122 2917 226 2994 dicta,
253 2925 287 2982 et
312 2919 415 2995 iacta,
442 2925 552 2983 certas
576 2919 791 3002 conjecturas
815 2918 1043 2983 verisimiliter
1066 2917 1273 3002 optinemuS,

122 3031 195 3086 nos,
210 3011 265 3092 jus
280 3016 314 3073 et
327 3010 524 3074 libertatem
539 3010 675 3074 ecclesie
689 3016 804 3074 nostre
819 3016 853 3075 et
867 3015 1036 3087 nostrum,
1051 3010 1094 3075 de
1107 3030 1177 3094 quo
1191 3008 1275 3074 certi

123 3121 251 3178 sumus,
293 3102 396 3166 armis
435 3102 561 3184 quibus
600 3122 781 3185 possumus
820 3101 1056 3185 spiritualibus
1095 3101 1276 3166 defendere

120 3193 347 3269 intendentes
368 3193 575 3258 auctoritate
591 3193 656 3257 Dei
670 3193 782 3258 Patris
796 3193 1062 3278 Omnipotentis,
1077 3214 1118 3259 ac
1132 3192 1276 3278 gloriose

124 3284 271 3368 Virginis
286 3284 401 3362 Marie,
418 3291 452 3349 et
468 3285 567 3349 Beati
583 3285 675 3349 Petri
689 3284 856 3369 Apostoli,
872 3285 1010 3368 patroni
1023 3285 1143 3362 nostri,
1159 3304 1277 3349 omnes
1289 3292 1436 3386 {haffli-
1483 3344 1486 3349 .

125 3376 199 3440 illos
214 3382 249 3440 et
264 3377 423 3461 singulos
440 3377 499 3460 qui
514 3376 761 3453 visitacionem,
776 3376 1062 3461 jurisdiccionem,
1078 3382 1113 3441 et
1128 3376 1278 3441 officium
1290 3393 1388 3454 eatam

125 3474 293 3544 nostrum,
317 3469 351 3532 in
373 3468 535 3552 predictis
557 3474 591 3533 et
614 3468 775 3544 circaea,
798 3468 909 3532 modis
930 3468 1093 3552 predictis
1114 3468 1169 3532 vel
1192 3467 1276 3545 aliis,
1290 3442 1444 3535 lismona

126 3581 185 3643 per
206 3560 387 3636 maliciam,
410 3566 471 3624 aut
492 3559 659 3636 fraudem,
680 3559 735 3623 vel
756 3559 927 3643 injuriam,
949 3560 1116 3625 hactenus
1136 3558 1278 3644 impedi·
1291 3543 1426 3645 ffiffl

126 3657 262 3727 verunt,
278 3672 337 3715 seu
351 3651 508 3735 impediri
523 3652 687 3728 lecemnt,
703 3657 764 3716 aut
780 3652 936 3716 decetero
949 3651 1204 3736 impediverint,
1219 3671 1279 3716 seu
1291 3645 1388 3736 ml,

128 3743 284 3826 impediri
305 3743 446 3806 iecerint
466 3741 521 3806 vel
541 3743 809 3826 procuraverint,
832 3743 925 3807 facto
944 3742 1000 3807 vel
1019 3743 1135 3821 verbo,
1156 3742 1280 3807 litteris

128 3835 182 3898 vel
194 3834 338 3910 nunciis,
352 3835 440 3898 clam
453 3833 508 3898 vel
520 3834 646 3918 palam,
660 3853 720 3917 per
732 3854 767 3898 se
779 3833 834 3898 vel
847 3834 962 3912 alium,
976 3834 1127 3912 consili0,
1141 3833 1279 3912 auxili0,
1294 3846 1332 3889 1⁷0·
1341 3843 1391 3889 ³⁷&

128 3947 305 4002 consensu,
320 3927 447 4002 lavore,
467 3925 522 3989 vel
541 3925 624 3990 alias
636 3945 776 4009 quoquo
788 3925 902 4003 mod0,
915 3925 980 3990 nisi
998 3925 1089 3991 infra
1106 3932 1185 3991 octo
1197 3926 1280 4003 dies,

128 4039 190 4102 pro
213 4018 305 4081 trina
325 4017 517 4081 monicione
539 4017 791 4100 computandos
813 4037 834 4082 a
855 4023 1010 4102 tempore
1031 4017 1157 4083 notieie
1178 4017 1283 4103 hujus

129 4130 305 4193 processus
337 4109 456 4185 nostri,
490 4108 692 4192 resipuerint
724 4108 928 4193 penitentes
961 4115 996 4174 et
1028 4109 1143 4174 animo
1174 4128 1283 4194 prono

129 4201 275 4264 fideliter
294 4206 328 4265 et
348 4221 427 4264 cum
446 4200 571 4265 effectu
590 4200 823 4265 satisfaciendi
842 4200 941 4266 nobis
959 4200 1003 4266 de
1021 4201 1148 4286 injuria
1165 4200 1283 4285 hujus-

128 4293 223 4357 modi
248 4291 443 4356 destiterint
468 4313 489 4356 a
512 4292 732 4377 presumptis,
757 4291 793 4356 in
816 4291 881 4356 hii.
905 4292 1041 4377 scriptis
1064 4292 1286 4376 solempniter

129 4393 162 4447 et
203 4384 342 4469 publica
390 4383 597 4449 auctoritate
645 4382 898 4468 metropolitica
937 4384 1284 4462 excommunicamus

601 4497 611 4532 ¹
623 4498 656 4549 Se
669 4498 810 4564 repeated.
