2994 4996
272 468 311 530 50
387 471 453 515 THE
476 471 639 515 REGISTER
660 471 702 515 OF
724 469 934 515 ARCHBISHOP
956 470 1103 515 WILLIAM
1125 471 1326 516 WICKWANE.

271 625 336 690 sibi
360 625 560 710 iniungitur,
586 625 808 690 intromittat.
856 625 903 688 Et
927 625 1042 689 sciatis
1066 625 1160 708 quod
1184 625 1343 690 dominus
1367 647 1426 690 rex

272 717 416 801 precipit
434 717 499 781 hiis
518 717 637 781 diebus
656 717 970 781 excommunicatos
989 737 1189 800 percorpus
1209 738 1309 782 suum
1327 719 1426 802 justi-

272 810 363 885 ciari,
392 809 500 873 donec
527 814 644 873 sancte
672 808 819 885 ecclesie,
848 814 922 873 tam
950 809 991 872 de
1019 815 1222 892 contemptu
1249 831 1355 893 quam
1384 810 1425 875 de

270 901 405 984 injuria,
434 901 478 965 ab
504 901 585 984 ipsis
611 901 713 964 fuerit
739 900 967 964 satisfactum.
1010 900 1056 964 Et
1072 901 1137 964 hoc
1152 901 1242 965 cedit
1262 901 1307 965 ad
1326 902 1426 965 bene-

270 992 436 1076 placitum
459 991 656 1068 Salvatoris,
680 992 771 1056 unde
793 992 827 1055 in
850 992 924 1076 ejus
945 992 1148 1056 liberacione
1171 994 1424 1058 contumaciam

271 1089 305 1148 et
318 1084 484 1148 offensam
497 1084 611 1148 debite
624 1084 852 1168 distinguatis.
900 1084 1029 1148 Valete.

107 1184 242 1224 Mandatm
317 1175 405 1258 176¹.
455 1194 494 1258 19
511 1175 577 1239 kal.
595 1175 702 1259 Sept,
725 1175 824 1259 (Aug.
844 1194 894 1257 14,
914 1175 1022 1256 1280).
1070 1174 1223 1240 Cawode.
1271 1177 1337 1241 Pro
1358 1199 1426 1242 uno

107 1235 144 1275 the
153 1234 231 1274 official
339 1268 345 1280 ,
666 1268 671 1279 .
785 1267 790 1279 .
885 1267 890 1279 .
919 1268 924 1278 .
1371 1270 1376 1280 .
1417 1271 1422 1280 .

106 1285 247 1324 orthearch·
271 1273 455 1351 conJugato
491 1267 628 1332 volente
664 1268 793 1352 ingredi
835 1267 1038 1351 rehgronem.
1073 1267 1137 1343 W,
1176 1274 1253 1345 etc,
1290 1269 1425 1334 officiali

107 1335 188 1375 deacon
198 1336 221 1375 oi

107 1385 242 1445 paeana>
271 1360 500 1424 archidiaconi
524 1359 729 1443 Estridinge,
755 1358 827 1435 sal,
853 1365 917 1423 etc.
965 1359 1019 1423 Ex
1044 1359 1275 1424 insinuacione
1301 1360 1422 1445 Rogeri

106 1446 202 1525 ἓξὲξ
271 1450 313 1514 de
340 1451 463 1528 Atone,
492 1451 601 1515 clerici
629 1458 662 1514 et
691 1451 878 1534 conjugati,
895 1451 1082 1534 recepimus
1109 1451 1203 1534 quod
1230 1452 1424 1536 religionem

107 1535 236 1634 {3}de
271 1542 401 1626 ingredi
413 1543 485 1626 jam
498 1543 670 1626 proponit,
685 1548 719 1606 et
732 1542 826 1626 quod
839 1542 941 1606 nichil
954 1542 1019 1606 sibi
1032 1543 1066 1605 in
1079 1543 1145 1606 hoc
1157 1543 1274 1607 obstat
1287 1544 1424 1627 penitus

95 1636 233 1734 ffissish
270 1654 333 1698 nec
354 1635 491 1710 resistit,
514 1655 575 1718 pro
597 1634 752 1717 eoquod
774 1627 976 1717 Margareta,
999 1654 1086 1698 uxor
1106 1634 1222 1717 ipsius,
1246 1635 1287 1698 de
1309 1636 1423 1699 incon-

107 1737 257 1775 toenternno
270 1726 419 1790 tinencia
445 1747 514 1789 non
541 1731 710 1809 suspecta,
738 1745 773 1798 se
801 1726 874 1806 (sic)
901 1726 990 1789 lecto
1016 1726 1236 1809 languescens
1262 1728 1423 1811 senioque

105 1786 222 1896 iiiiii,
233 1839 257 1874 to
269 1818 455 1894 confracta,
487 1817 640 1901 ejusdem
671 1817 793 1902 Rogeri
825 1817 896 1882 zelo
926 1818 1154 1882 conversionis
1184 1825 1219 1882 et
1249 1819 1424 1902 proposito

105 1886 175 1926 ’ω
190 1887 256 1926 ‘hem'
269 1909 406 1993 plenam
439 1910 656 1973 voluntatem
690 1909 831 1973 adhibet
864 1915 899 1973 et
925 1929 1138 1973 consensum.
1186 1910 1277 1993 Ipsa,
1305 1911 1423 1987 eciam,

270 2001 437 2085 religionis
459 2001 618 2066 habitum
641 2001 791 2084 recipiet,
815 2001 903 2065 sicut
926 2001 1019 2077 dicit,
1043 2000 1098 2064 vel
1120 2001 1203 2065 alias
1225 2001 1366 2066 honeste
1389 2010 1424 2066 et

270 2099 387 2157 sancte
403 2093 647 2169 conversando
664 2093 885 2176 solempniter
907 2093 1133 2176 repromittet,
1151 2093 1266 2177 quoad
1288 2095 1423 2171 vixerit,

269 2185 477 2249 castitatem.
527 2184 626 2249 Unde
648 2185 747 2249 vobis
769 2184 974 2249 mandamus
996 2185 1170 2268 quatinus,
1195 2206 1238 2248 an
1261 2187 1425 2269 premissa

269 2277 317 2340 sic
333 2296 368 2340 se
384 2277 546 2352 habeant,
564 2283 603 2340 ut
620 2277 796 2361 suggessit,
814 2276 992 2361 diligenter
1008 2283 1042 2340 et
1059 2276 1204 2340 fideliter
1219 2278 1400 2361 inquiratis
1416 2302 1423 2355 3

269 2374 315 2444 et,
339 2369 367 2432 si
390 2369 648 2452 inquisicionem
671 2388 730 2433 sue
753 2368 960 2452 suggestioni
982 2369 1192 2432 conformem
1215 2370 1423 2446 inveneritis,

269 2481 330 2524 vos
347 2461 420 2524 vice
437 2466 555 2524 nostra
571 2459 794 2544 personaliter
809 2480 1011 2524 consensum
1028 2466 1063 2524 et
1079 2459 1256 2524 licenciam
1272 2462 1423 2545 predicte

270 2552 459 2636 Margarete
490 2573 604 2616 coram
635 2553 717 2616 viris
747 2551 925 2636 fidedignis
956 2552 1090 2635 puplice
1122 2551 1328 2630 admittatis,
1361 2556 1423 2634 [et]

268 2644 414 2708 eundem
434 2645 605 2728 Rogerum
624 2644 668 2708 ad
685 2645 873 2728 ingressum
890 2663 993 2728 quem
1011 2643 1144 2727 appetit
1160 2666 1168 2720 ;
1202 2645 1422 2721 licenciand0‚

268 2736 386 2812 eciam,
402 2736 641 2819 Margaretam,
655 2757 724 2820 quo
737 2736 781 2800 ad
793 2736 1048 2800 conversionem
1061 2735 1116 2798 vel
1129 2736 1236 2800 eciam
1246 2757 1423 2801 conversa-

267 2828 410 2904 cionem,
425 2829 497 2891 Deo
510 2828 681 2911 placidam
694 2835 727 2891 et
742 2835 930 2911 acceptam,
945 2828 1084 2891 demum
1097 2848 1175 2891 cum
1188 2848 1271 2893 sano
1284 2828 1422 2893 consilio

267 2919 441 2995 ordinetis,
455 2919 543 2983 sicut
560 2921 631 2983 veri
648 2926 683 2984 et
695 2920 803 2984 nostri
815 2919 916 2983 officii
929 2919 1045 2983 debito
1059 2918 1220 2984 videbitis
1232 2921 1422 2985 convenire.

269 3012 314 3075 Et
332 3011 367 3074 in
384 3011 447 3074 hiis
465 3011 642 3075 devocioni
659 3018 771 3075 vestre
788 3013 886 3095 plene
903 3011 1152 3075 committimus
1169 3013 1260 3076 vices
1276 3019 1422 3089 nostras,

268 3102 422 3167 volentes
455 3103 549 3186 quod
582 3103 751 3187 quidquid
777 3103 923 3168 feceritis
957 3103 991 3167 in
1012 3102 1183 3186 premissis
1212 3105 1357 3181 faciatis,
1379 3105 1424 3169 ad

268 3194 412 3258 solidam
428 3195 639 3272 memoriam,
656 3196 690 3258 in
706 3195 828 3259 vestris
844 3194 963 3260 rotulis
979 3194 1159 3279 registrari.

104 3399 221 3440 rouoru.
267 3377 710 3444 ARCHIDIACONATUS
746 3377 1077 3443 CLYVELANDIE
1113 3379 1177 3442 DE
1211 3378 1341 3444 ANNO
1377 3380 1421 3459 J0.

314 3498 403 3580 1772.
451 3496 559 3577 5kal.
584 3495 875 3580 Junii,(May28,
897 3495 1005 3576 1280).
1053 3496 1207 3560 London.
1254 3496 1319 3572 W,
1343 3504 1421 3573 etc,

105 3549 208 3590 Mandate
217 3553 240 3590 to

105 3600 239 3689 {lglgssssnss‘
269 3586 394 3653 dilecto
407 3588 441 3652 in
455 3587 589 3652 Christo
602 3588 681 3664 filio,
696 3588 825 3652 decano
838 3587 879 3651 de
893 3586 1061 3664 Bulmere,
1076 3587 1147 3664 sal,
1162 3596 1226 3653 etc.
1274 3588 1422 3652 Litteras

106 3700 247 3760 ausuque-
269 3680 394 3744 summi
421 3680 593 3763 pontificis
618 3680 806 3763 recepimus
832 3700 894 3764 pro
921 3678 1089 3743 Willelmo
1116 3679 1157 3743 de
1188 3680 1421 3763 Thouthorpe,

105 3751 248 3841 biiioimut
269 3771 400 3848 scolari,
414 3772 625 3855 presencium
638 3772 814 3855 portitore,
827 3792 913 3855 quas
926 3771 989 3835 tibi
1001 3771 1172 3835 mittimus
1184 3771 1421 3855 inspiciendas,

106 3851 240 3900 ΜΨ·
269 3864 435 3947 nobisque
459 3863 681 3947 postmodum
697 3863 842 3927 fideliter
857 3863 1092 3939 remittendas,
1109 3863 1314 3927 mandantes
1338 3884 1422 3947 qua-

270 3955 373 4031 tinus,
404 3957 497 4020 iacta
526 3956 748 4039 inquisicione
777 3956 812 4018 in
842 3955 942 4038 pleno
971 3954 1036 4019 loci
1065 3955 1216 4038 capitulo
1246 3955 1287 4018 de
1317 3955 1422 4038 ipsius

268 4046 452 4124 natalibus,
478 4048 563 4124 vita,
589 4047 910 4123 conversacioneet
936 4047 1098 4122 moribus
1124 4052 1158 4110 et
1184 4046 1257 4110 aliis
1282 4048 1423 4111 circum-

269 4139 408 4203 stanciis
426 4159 493 4222 que
511 4139 600 4203 circa
618 4139 877 4203 idoneietatem³
896 4159 1037 4222 persone
1056 4139 1183 4202 fuerint
1202 4139 1422 4216 attendende,

304 4276 383 4326 1Νοῑ
398 4277 485 4326 onio.
503 4277 559 4325 lll.
873 4277 1001 4328 remittat
1033 4281 1064 4326 ut
1095 4292 1179 4342 supra
1211 4278 1300 4342 liquat
1328 4284 1422 4326 utrum

305 4341 454 4406 ⁹Heading
475 4358 511 4392 on
534 4344 569 4392 io.
597 4344 818 4407 11³:-¹‘Qu0d,
871 4357 964 4394 secum
977 4344 1077 4393 debeat
1091 4343 1270 4408 dispensari.''

270 4411 346 4460 iacta
376 4409 558 4473 inquisicione
589 4425 672 4474 super
702 4411 762 4459 vita
791 4418 818 4460 et
905 4411 1145 4476 ⁸Ydoneytatem.
1185 4411 1225 4460 Fo
1250 4412 1307 4461 11³.

269 4477 392 4526 moribus
405 4477 560 4540 cujusdam,
575 4492 636 4527 earn
649 4477 702 4527 rite
715 4477 818 4527 iactam
