2994 4996
322 487 389 534 THE
413 487 575 536 REGISTER
598 489 640 535 OF
663 488 872 535 ARCHBISHOP
893 488 1041 535 WILLIAM
1062 487 1266 537 WICKWANE.
1330 488 1390 538 201

238 643 448 708 revolvimus
481 648 622 707 content
625 664 646 707 a
678 643 853 727 plenius
844 663 880 707 1n
913 642 1052 722 eisdem,
1086 664 1154 728 que
1187 664 1229 709 ex
1259 642 1490 741 secundinum

238 736 387 820 pectoris
419 735 598 799 dulcedine
629 756 691 820 pro
693 737 784 800 fecto
816 756 851 800 se
882 734 1038 800 indicant
1069 755 1256 801 emanasse.
1304 712 1436 801 Dum
1410 751 1495 792 Durha

239 835 352 893 mater
377 827 535 892 condolet
521 828 596 891 tin
623 827 775 892 adversis
800 833 836 891 et
860 827 986 893 nutrici
1011 828 1224 912 compatitur
1247 803 1491 894 sincerusiir‘iil

239 921 375 985 animus
386 920 441 1004 pie
453 919 567 1003 prolis,
574 920 637 984 hec
647 940 766 984 veram
777 920 918 1004 prolem,
925 940 995 984 non
1007 919 1176 1003 siquidem
1187 920 1397 1004 putativam,
1410 913 1494 1002 {²022}ss

239 1011 385 1076 eandem
396 1032 465 1075 non
476 1012 597 1094 utique
608 1012 802 1090 alteratam,
816 1033 855 1076 ac
866 1032 964 1076 suam
975 1005 1496 1096 1111111111111111111οεί1111,ξῗξξῖζ113

239 1124 397 1207 represen
399 1109 487 1167 tant.
535 1104 700 1188 Exsurge,
732 1104 846 1188 igitur,
878 1110 977 1188 pater
1007 1104 1236 1183 dilectissime,
1267 1104 1398 1168 Ebora·
1412 1104 1496 1146 Dum

239 1197 348 1260 censis
362 1195 500 1260 ecclesie
514 1201 614 1280 grata
628 1197 749 1279 proles
765 1216 908 1280 exsurge
922 1197 957 1260 in
972 1196 1185 1281 adjutorium
1199 1156 1399 1281 hujusmodi

239 1289 371 1365 matris
386 1309 492 1371 quam
509 1288 662 1352 mutilari
677 1288 874 1372 conspicitis
887 1294 922 1352 et
936 1289 1011 1373 jure
1024 1309 1086 1352 suo
1104 1294 1225 1353 contra
1238 1288 1398 1352 obedien-

240 1380 290 1444 cie
333 1380 489 1444 debitum
524 1401 544 1444 a
577 1379 724 1445 subditis
772 1380 1053 1464 apostatantibus
1086 1380 1293 1444 defraudari.
1350 1380 1398 1444 Et

238 1473 330 1550 licet,
364 1478 473 1556 pater,
508 1472 671 1556 primaria
703 1473 819 1536 forsan
852 1472 952 1536 vobis
984 1472 1224 1537 Dunelmensis
1257 1471 1399 1537 ecclesia

239 1565 500 1629 monstraveritl
524 1565 698 1641 alimenta,
737 1584 777 1629 ac
811 1564 860 1629 sic
895 1564 926 1628 ei
961 1565 1165 1629 naturaliter
1200 1563 1398 1642 teneamini,

240 1657 334 1740 quod
362 1656 522 1733 fatemur,
551 1657 689 1720 ecclesie
716 1662 834 1720 tamen
862 1652 1081 1735 Eboracensi,
1109 1656 1165 1721 cui
1191 1656 1399 1721 sacramenti

240 1748 321 1813 estis
352 1749 490 1813 vinculo
520 1748 662 1832 alligati,
694 1769 756 1813 vos
786 1749 942 1813 striccius
973 1747 1186 1813 attendimus
1216 1748 1396 1833 obligatos.

240 1839 317 1917 Sed,
345 1861 432 1917 ecce,
460 1841 599 1904 consilio
625 1847 751 1918 vestr0,
778 1841 838 1925 qui
864 1841 1044 1924 utriusque
1070 1840 1207 1906 ecclesie
1232 1841 1398 1904 honorem

240 1932 390 2016 diligitis,
407 1939 511 2016 prout
541 1933 678 2010 scimus
708 1939 880 2016 quantum
904 1933 939 1996 in
964 1933 1063 1997 nobis
1079 1939 1142 2010 est,
1179 1932 1397 2016 adquiescere

239 2024 453 2108 disponimus
477 2045 587 2108 prona
613 2031 739 2089 mente.
766 2024 899 2089 Licium
925 2025 1053 2089 etenim
1077 2026 1266 2103 anfractus
1292 2024 1395 2101 rixas

239 2123 274 2181 et
292 2117 405 2202 jurgia
425 2117 554 2181 evitare
574 2117 742 2201 cupimus
762 2137 883 2201 pacem
903 2122 939 2180 et
958 2115 1247 2200 tranquillitatem
1267 2116 1397 2200 absque

238 2209 324 2293 juris
350 2208 460 2272 nostri
486 2209 675 2293 prejudicio
703 2209 852 2273 allicere2
880 2209 1028 2272 corditer
1054 2209 1280 2285 affectantes;
1334 2228 1398 2273 nec

238 2301 381 2384 gloriam
412 2307 567 2365 nostram
597 2301 782 2384 querimus,
814 2301 913 2365 novit
944 2301 1048 2378 Deus,
1080 2301 1164 2384 quin
1193 2299 1311 2384 pocius
1340 2300 1397 2385 jus
1410 2325 1447 2365 ro.
1461 2325 1486 2364 15

240 2393 376 2456 ecclesie
402 2399 518 2457 nostre
543 2392 697 2456 evincere
722 2393 866 2457 nitimur
890 2393 1081 2458 consulcius
1107 2398 1142 2457 et
1167 2391 1267 2467 tueri,
1292 2411 1336 2456 ne
1360 2391 1396 2455 in

239 2491 362 2548 votum
378 2484 595 2567 professionis
614 2491 741 2562 nostre,
758 2505 825 2568 que
841 2505 903 2549 nos
920 2485 964 2548 ad
983 2485 1019 2548 id
1037 2490 1130 2549 artat
1146 2483 1346 2568 simpliciter
1360 2490 1396 2548 et

239 2575 394 2658 impellit,
415 2576 449 2638 in
469 2583 583 2640 eterne
603 2577 723 2641 salutis
742 2575 971 2660 dispendium,
990 2576 1085 2660 quod
1104 2576 1205 2653 absit,
1225 2574 1395 2660 negligen-

239 2668 310 2731 cius
340 2668 556 2732 connivendo
586 2667 780 2752 aliqualiter
809 2669 1079 2733 committamus
1103 2708 1105 2715 ·
1126 2667 1172 2745 Si,
1203 2668 1332 2751 itaque,
1352 2667 1395 2732 de

239 2759 381 2842 capituli
419 2760 527 2823 nostri
556 2761 757 2844 processerit
786 2781 926 2825 assensu
968 2759 1063 2844 quod
1091 2780 1152 2844 per
1179 2759 1274 2823 viam
1302 2779 1394 2824 com·
1408 2778 1489 2819 roae.

239 2851 397 2934 promissi
419 2852 597 2916 contencio
623 2852 713 2915 inter
742 2853 899 2917 ecclesias
926 2851 1115 2930 decidatur,
1138 2859 1173 2916 et
1194 2870 1394 2917 communes

240 2943 351 3020 amici,
367 2943 433 3007 viri
448 2944 571 3020 idonei,
588 2943 758 3021 videlicet,
775 2950 810 3008 et
826 2944 974 3022 discreti,
990 2963 1026 3008 se
1041 2943 1241 3022 obtulerint,
1257 2942 1293 3007 in
1307 2962 1395 3028 quos

238 3036 354 3100 valeat
386 3036 631 3118 compromitti,
663 3035 813 3119 placebit
844 3036 954 3113 nobis,
986 3035 1146 3120 quamvis
1176 3035 1245 3120 juri
1275 3040 1394 3100 nostro

239 3128 413 3191 communi
426 3148 486 3210 per
497 3127 563 3191 hoc
574 3127 754 3191 videamur
766 3127 901 3192 detrahi
913 3148 983 3212 quo
995 3128 1165 3205 fulcimur,
1179 3127 1395 3212 questionem

239 3219 448 3303 hujusmodi,
487 3219 531 3283 ad
568 3220 675 3283 vestri
711 3220 890 3303 presertim
927 3219 1144 3298 instanciam,
1182 3219 1231 3284 sic
1266 3218 1394 3305 sopiri;
1477 3283 1480 3289 ,

239 3312 387 3394 proviso,
409 3317 537 3382 tamen,
558 3310 652 3394 quod
672 3311 714 3375 de
734 3312 891 3395 expensis
911 3332 998 3396 quas
1017 3312 1163 3377 facimus
1182 3310 1281 3376 nobis
1300 3310 1396 3395 prius

238 3404 368 3486 integre
380 3403 581 3467 satisfaciat.
629 3403 788 3468 Ceterum
800 3424 842 3468 ex
854 3424 894 3468 eo
905 3404 1000 3489 quod
1010 3409 1249 3489 procuratores
1260 3408 1396 3468 nostros

238 3495 272 3558 in
284 3495 384 3559 Curia
395 3495 608 3559 familiariter
618 3496 787 3574 tractatis,
798 3496 887 3560 sicut
902 3497 1073 3574 novimus,
1087 3501 1123 3560 et
1133 3493 1396 3581 benigne,vobis

238 3588 368 3671 gracias
397 3588 573 3651 referimus
601 3587 807 3670 multiplices
836 3594 941 3670 atque
969 3593 1094 3672 grates,
1123 3586 1305 3652 offerentes
1332 3606 1395 3651 nos

238 3680 282 3743 ad
309 3686 425 3743 vestra
452 3679 668 3763 beneplacita
695 3679 815 3744 avidos
842 3686 877 3743 et
904 3684 1055 3764 paratos.
1102 3679 1299 3756 Conservet,
1327 3685 1393 3743 etc.

238 3771 381 3836 Datum

281 3888 355 3971 481
403 3888 553 3952 Domino
568 3887 722 3971 Jordano
737 3894 771 3952 et
786 3887 954 3952 Anchero
1000 3886 1218 3953 Venerabili
1208 3906 1245 3951 in
1259 3885 1497 3990 Christoffpej

238 3981 373 4083 patrie
376 3987 433 4057 te,
376 3981 515 4057 t.‚W
531 3987 596 4045 etc.
643 3979 698 4043 Ad
712 3986 837 4064 grates
852 3985 962 4064 pater,
978 3985 1173 4045 reverenter
1186 3953 1490 4090 assurgimusqnoriai

237 4093 298 4155 pro
321 4072 483 4175 impensis
505 4032 686 4136 beneficiis.
734 4071 959 4137 Eboracensis
981 4070 1122 4137 ecclesia
1142 4090 1213 4136 non
1234 4050 1492 4151 inmeritos&

237 4165 491 4267 etconsurgit,
528 4185 634 4248 quam
668 4169 847 4248 gratanter
880 4163 1094 4248 supportatis
1140 4169 1182 4228 ut
1216 4151 1487 4251 filius,ac3{'¹1²,{,'},

236 4256 340 4320 virilit
326 4263 378 4320 ter
392 4257 428 4319 in
444 4255 595 4320 adversis
610 4255 790 4340 protegitis
804 4263 845 4320 ut
859 4261 1037 4340 patronus
1094 4255 1195 4333 Ecce,
1211 4213 1482 4342 siquidemmm
1405 4251 1491 4301 ΨΜ

233 4355 333 4431 pater
355 4348 567 4425 amicissime,
598 4348 750 4413 clamant
778 4353 1017 4433 procuratores
1032 4347 1142 4413 nostri
1158 4366 1221 4432 per
1235 4345 1391 4421 nuncios,

432 4487 660 4536 1Ministraverit.
696 4487 744 4537 F0.
762 4487 820 4538 151.
953 4484 1088 4538 ’Arcena
1119 4484 1193 4538 lbid.
