2994 4996
166 482 226 543 302
274 483 341 528 THE
363 482 527 528 REGISTER
548 482 590 527 OF
611 480 823 527 ARCHBISHOP
843 478 992 525 WILLIAM
1013 480 1219 527 WICKWANE.

165 642 331 727 quatinus
348 643 524 727 prefatum
542 642 747 719 Gilbertum,
766 640 915 726 priorem
932 647 1099 719 vestrum,
1119 639 1169 707 sic
1187 660 1251 728 per
1266 661 1324 707 nos

166 735 328 800 canonice
385 735 597 812 institutum,
651 733 864 798 reverencius
912 732 1151 811 admittentes,
1205 732 1322 813 eidem,

166 833 335 912 tanquam
374 827 492 892 devoti
532 827 603 904 filii,
643 826 843 890 obedienter
876 824 1065 890 intendatis
1092 824 1255 891 decetero
1291 825 1323 891 in

165 919 325 984 omnibus
343 926 382 985 ut
397 919 512 1003 priori,
528 919 588 1003 qui
602 939 665 984 vos
685 917 838 1002 paternis
861 917 1059 995 visceribus,
1074 916 1166 983 sicut
1180 917 1324 1003 regulari

166 1010 343 1095 discipline
366 1011 540 1090 convenit,
578 1011 613 1075 in
641 1009 793 1095 singulis,
823 1009 929 1074 dante
968 1010 1053 1087 Deo,
1082 1009 1322 1094 pertractabit.

165 1102 297 1168 Valete.

209 1194 311 1260 Same
339 1195 420 1260 date
449 1195 518 1260 and
546 1195 652 1279 place
700 1193 864 1258 Mandate
893 1198 930 1257 to
958 1193 1019 1258 the
1047 1192 1266 1259 archdeacon
1292 1194 1325 1259 oi

166 1286 397 1372 Nottingham
427 1294 464 1352 to
495 1287 612 1352 install
641 1286 783 1351 brother
812 1285 945 1350 Gilbert
975 1286 1012 1350 of
1042 1285 1324 1371 Boroughbridge

166 1399 204 1443 as
223 1378 316 1463 prior
334 1381 370 1444 oi
388 1379 617 1483 Thurgarton.

209 1488 284 1555 734.
331 1471 397 1549 W,
424 1471 656 1556 permissione,
683 1476 748 1535 etc.
794 1468 1026 1534 Attendentes
1050 1420 1234 1535 Altissimo
1259 1480 1326 1536 non

166 1563 383 1628 mediocriter
403 1564 613 1648 complacere
634 1562 791 1647 quicquit
805 1562 879 1644 (sic)
900 1561 1053 1647 gloriosis
1073 1561 1326 1628 confessoribus

2 1646 39 1735 ρ’
83 1659 96 1738 ξ’
166 1655 236 1720 suis
260 1655 457 1721 devocionis
476 1655 676 1740 inpenditur
696 1661 731 1718 et
761 1653 910 1731 honoris
943 1673 1016 1732 nos
1048 1652 1091 1718 de
1120 1652 1231 1738 ipsius
1264 1653 1326 1719 Dei

167 1746 409 1825 misericordia,
432 1768 472 1812 ac
493 1748 595 1812 beate
617 1753 652 1811 et
673 1745 912 1831 gloriosissime
934 1745 1085 1830 virginis,
1107 1746 1234 1811 matris
1256 1766 1324 1825 sue,

166 1845 365 1904 sanctorum
386 1840 621 1924 apostolorum
645 1838 738 1902 Petri
768 1845 803 1902 et
825 1837 933 1915 Pauli,
961 1857 1096 1902 necnon
1117 1837 1327 1904 sanctissimi

166 1931 378 2009 confessoris,
424 1931 595 2008 Willelmi‚
639 1951 680 1995 ac
730 1936 929 1995 sanctorum
986 1929 1142 1995 omnium
1194 1929 1327 1996 meritis

166 2023 388 2100 confidentes
409 2023 568 2088 omnibus
596 2022 812 2106 parochianis
844 2020 981 2100 nostris,
1015 2021 1058 2086 de
1079 2022 1235 2106 peccatis
1258 2022 1327 2088 suis

166 2134 246 2179 vere
265 2115 433 2192 contritis,
465 2114 711 2199 penitentibus
744 2120 779 2179 et
810 2113 983 2191 confessis,
1012 2113 1086 2198 [qui
1117 2113 1163 2177 ad
1194 2114 1328 2181 dictam

166 2205 343 2271 ecclesiam
366 2207 401 2270 in
421 2206 670 2272 festivitatibus
693 2205 994 2289 Assumpcionis],1
1019 2211 1055 2270 et
1078 2204 1153 2270 aliis
1176 2226 1328 2291 quorum

166 2297 351 2384 dyocesani
365 2300 455 2363 hanc
478 2297 731 2383 indulgenciam
746 2304 902 2363 nostram
918 2305 1031 2362 ratam
1051 2297 1252 2377 habuerint,
1268 2298 1330 2383 qui

166 2391 209 2454 de
224 2390 359 2475 opibus
376 2390 441 2455 sibi
460 2412 481 2455 a
497 2391 571 2454 Deo
585 2390 730 2468 collatis,
744 2389 788 2453 ad
808 2389 976 2454 fabricam
990 2389 1155 2474 T[horpe]
1172 2389 1328 2472 B[asset]

166 2490 266 2567 grata
281 2482 490 2547 contulerint
506 2482 659 2548 subsidia
676 2481 842 2558 caritatis,
860 2487 1000 2547 centum
1016 2482 1088 2546 dies
1108 2481 1150 2546 de
1166 2481 1329 2566 injuncta

166 2574 231 2639 sibi
261 2575 456 2659 penitencia
489 2574 753 2639 misericorditer
782 2573 998 2652 relaxamus;
1034 2566 1275 2658 indulgencias
1307 2594 1329 2639 a

166 2665 419 2732 venerabilibus
432 2667 596 2732 fratribus
610 2665 818 2750 coepiscopis
843 2665 981 2744 nostris,
992 2665 1037 2730 ad
1049 2665 1085 2729 id
1098 2685 1282 2732 concessas
1293 2672 1329 2732 et

166 2758 392 2842 imposterum
406 2758 652 2836 concedendas,
666 2764 759 2822 ratas
776 2757 943 2822 habentes
958 2757 1088 2843 pariter
1099 2763 1135 2822 et
1152 2765 1326 2843 acceptas.

166 2851 260 2928 Dat,
279 2857 343 2915 etc.

209 2956 284 3027 735.
331 2943 496 3028 Haranga
519 2943 586 3008 alia
608 2962 671 3028 pro
694 2941 927 3027 indulgenciis.
975 2941 1071 3008 Licet
1095 2942 1130 3007 Is
1153 2941 1197 3006 de
1220 2941 1329 3029 Cujus

19 3022 22 3035 ¹
78 3032 85 3047 ‘
165 3055 306 3099 munere
328 3035 424 3100 venit
446 3041 487 3100 ut
509 3035 574 3100 sibi
596 3043 631 3100 et
653 3034 723 3100 suis
744 3034 902 3099 fidelibus
924 3033 1025 3119 digne
1047 3040 1083 3099 et
1104 3034 1329 3100 laudabiliter

166 3127 347 3205 serviatur,
377 3127 419 3190 de
448 3127 691 3192 habundancia
719 3126 860 3211 pietatis
889 3146 949 3191 sue
977 3125 1101 3191 merita
1129 3126 1328 3211 supplicum

165 3219 332 3283 excedens
353 3226 387 3284 et
408 3226 493 3284 vota
513 3219 600 3284 bene
621 3218 849 3284 servientibus
869 3217 981 3283 multo
1001 3219 1136 3303 majora
1156 3218 1329 3285 retribuat

165 3332 271 3397 quam
300 3311 441 3376 valeant
471 3311 684 3396 promereri,2
709 3310 950 3375 nichilominus
980 3331 1070 3388 cum,
1092 3310 1328 3377 desiderantes

166 3404 305 3468 reddere
331 3403 481 3468 Domino
507 3403 674 3488 populum
700 3402 958 3486 acceptabilem,
985 3402 1101 3467 fideles
1127 3402 1255 3468 Christi
1281 3404 1326 3470 ad

165 3495 449 3580 complacendum
481 3495 512 3559 ei
543 3494 642 3578 quasi
673 3494 882 3579 quibusdam
914 3494 1081 3559 allectivis
1112 3495 1325 3574 muneribus

165 3587 399 3672 indulgemus,
414 3587 585 3664 videlicet,
601 3593 636 3651 et
650 3586 916 3664 remissionibus
941 3586 1130 3652 invitamus
1144 3592 1184 3652 ut
1201 3588 1326 3653 exinde

165 3680 355 3745 reddantur
390 3679 505 3744 divine
542 3679 652 3764 gracie
689 3679 851 3763 apciores.
899 3677 1094 3762 Cupientes
1131 3677 1248 3764 igitur,
1285 3684 1326 3745 ut

164 3772 296 3857 capella
308 3772 359 3849 T,
373 3792 480 3856 quarn
492 3778 544 3849 ut,
558 3771 657 3836 nobis
671 3771 705 3835 C.
721 3778 926 3855 exponente,
941 3770 1134 3854 accepimus
1147 3771 1183 3835 in
1196 3771 1326 3836 honore

164 3864 258 3931 beati
276 3864 315 3928 T.
336 3865 407 3928 fore
426 3870 672 3940 constructam,
692 3862 850 3947 congruis
868 3862 1055 3928 honoribus
1073 3863 1324 3947 frequentetur,

164 3955 325 4021 omnibus
353 3976 432 4020 vere
462 3955 697 4040 penitentibus
726 3961 761 4019 et
790 3954 964 4032 confessis,
994 3954 1054 4039 qui
1083 3953 1128 4018 ad
1157 3954 1325 4039 capellam

164 4047 357 4134 predictam
387 4068 490 4112 causa
519 4046 716 4112 devocionis
746 4047 960 4125 accesserint,
991 4046 1046 4111 vel
1074 4066 1219 4111 manum
1248 4067 1326 4132 por-

165 4139 315 4206 rexerint
333 4139 550 4224 adjutricem,
569 4139 611 4203 de
628 4139 693 4202 Dei
711 4138 968 4222 Omnipotentis
985 4137 1228 4209 misericordia.
1246 4144 1325 4217 etc,

165 4232 374 4300 auctoritate
407 4231 536 4308 confisi,
571 4230 717 4316 quilibet
749 4226 904 4295 vestrur'n
937 4229 1170 4316 quadraginta
1187 4230 1261 4303 dies
1283 4230 1326 4295 de

165 4325 324 4410 injuncta
342 4322 407 4389 sibi
425 4322 631 4409 penitencia,
653 4328 718 4389 etc.

197 4453 325 4504 1Crossed
338 4459 397 4503 out.
770 4451 825 4500 and
865 4450 1031 4501 Thirteenth
1078 4451 1208 4517 Sundays
1253 4450 1327 4503 aiter

197 4521 261 4571 ²See
274 4522 322 4571 the
341 4520 459 4570 Collects
476 4519 519 4569 ior
532 4520 580 4568 the
598 4518 718 4569 Twelfth
770 4517 889 4583 Trinity.
