2994 4996
131 501 134 578 ζ
192 514 258 561 run
281 513 444 563 namsrnn
465 517 507 563 or
528 517 738 564 nncamsuoe
759 515 907 564 vunan
928 514 1130 566 wrcnwana.
1187 516 1246 582 117

92 709 180 764 mus,
212 687 276 751 Dei
306 693 511 772 cooperante
541 688 665 774 gracia,
696 694 833 774 gratam
863 694 898 752 et
929 688 1126 774 diligentem
1157 687 1246 754 circa

92 779 372 844 relonnacionem
411 780 604 845 animarum
643 787 678 845 et
716 800 852 846 morum
890 780 927 844 in
965 780 1246 846 archidiaconatu

94 870 353 956 Rychemundie
386 875 504 937 curam
535 872 707 956 placidam
740 878 775 938 et
807 872 989 957 providam
1020 893 1084 957 pro
1114 871 1246 939 viribus

93 963 277 1041 adhibere3
341 970 387 1042 et,
421 971 461 1028 ut
492 964 771 1030 incohoacionem
802 984 1001 1049 prosperam
1033 965 1069 1028 in
1100 963 1246 1029 instanti

94 1056 294 1120 visitacione
318 1062 438 1120 nostra
462 1056 662 1134 habeamus,
689 1057 798 1134 vobiS,
826 1057 869 1121 de
894 1057 992 1142 cuius
1018 1055 1185 1121 fidelitate
1211 1061 1246 1121 et
1292 1092 1295 1097 ·

94 1148 221 1213 devota
233 1147 430 1213 obediencia
442 1154 640 1214 constanter
652 1154 687 1214 et
698 1148 797 1233 plene
809 1143 1023 1226 confidimus
1036 1148 1082 1234 inj
1087 1148 1247 1234 ungimus

93 1246 129 1304 et
153 1239 358 1304 mandamus
382 1241 547 1324 quatinus
572 1240 637 1306 sub
661 1241 884 1307 festinacione
909 1240 1008 1305 celeri
1032 1240 1187 1306 animum
1211 1246 1247 1306 et

94 1332 340 1397 conscienciam
360 1338 523 1411 vestram,
551 1332 754 1418 inquirendo
780 1338 815 1398 et
841 1332 1099 1416 perscrutando,
1118 1332 1247 1418 precise

94 1431 128 1488 et
144 1424 330 1508 perfeccius
354 1424 557 1503 informetis,
585 1430 625 1490 ut
650 1424 750 1490 nobis
776 1424 818 1489 de
845 1423 1134 1510 subsequentibus
1160 1424 1248 1490 citra
1260 1483 1282 1524 N
1351 1483 1375 1524 of

95 1517 134 1580 v⁰
164 1517 231 1581 kal.
262 1515 344 1581 Maii
374 1515 484 1602 (April
513 1521 569 1601 27)
609 1516 835 1582 inhesitabilis
864 1516 1038 1602 responsio
1067 1516 1132 1580 rite
1161 1515 1223 1582 fiat
1238 1538 1246 1594 ;
1261 1494 1383 1585 affin«

94 1609 263 1686 videlicet,
283 1609 325 1673 de
342 1608 539 1674 nominibus
556 1609 711 1674 omnium
728 1608 956 1686 ecclesiarum,
975 1608 1194 1694 capellarum,
1213 1613 1248 1673 et
1260 1582 1414 1675 libila?

95 1701 299 1765 vicariatum
333 1701 565 1766 decanatuum
597 1701 639 1765 de
664 1700 819 1766 Kendale
842 1706 877 1766 et
900 1700 1123 1778 Lounesdale,
1147 1706 1183 1766 et
1206 1699 1249 1764 de
1262 1684 1376 1785 fflffi,

95 1793 403 1871 Aumundemesse,
417 1799 451 1858 et
464 1793 507 1858 de
518 1793 644 1878 quibus
655 1792 748 1871 locis,
762 1798 797 1858 et
810 1792 852 1857 de
864 1791 1038 1858 valoribus
1050 1792 1247 1870 earundem,
1261 1785 1414 1886 ffifflj

95 1892 130 1949 et
141 1905 209 1969 que
219 1884 347 1969 capelle
358 1885 509 1950 habeant
521 1885 736 1963 cimiterium,
748 1884 1002 1969 baptisterium,
1014 1890 1050 1950 et
1060 1883 1250 1949 ministeria
1263 1886 1319 1927 Μ
1330 1885 1402 1927 ”¹oe-

96 1984 209 2042 cetera
244 1997 311 2062 que
338 1977 554 2042 incumbunt.
601 1978 653 2041 De
688 1976 885 2042 nominibus
921 1976 1030 2042 eciam
1065 1982 1249 2054 rectorum,
1264 2036 1350 2077 noum·
1410 2045 1413 2050 ,

95 2069 311 2146 vicariorum,
347 2075 382 2133 et
407 2065 673 2153 presbiterorum
711 2068 865 2134 omnium
890 2068 926 2133 in
963 2068 1100 2134 elsdem.
1148 2066 1249 2146 Item,
1263 2086 1334 2128 ame

96 2161 138 2225 de
168 2161 344 2226 ordinibus
374 2167 545 2226 rectorum
575 2168 611 2225 et
641 2161 846 2226 vicariomm
876 2160 1086 2247 hujusmodi,
1116 2166 1152 2226 et
1181 2180 1251 2245 quo
1263 2146 1379 2238 'iffi‘
1378 2134 1394 2176 ἀ

96 2260 260 2337 tempore,
283 2259 318 2317 et
337 2253 397 2317 ubi
421 2253 548 2319 luerint
568 2253 727 2319 ordinati.
775 2248 959 2338 Item‚'qui
983 2258 1018 2318 et
1042 2258 1129 2338 quot
1153 2252 1253 2338 plura

96 2345 226 2410 habent
257 2344 432 2423 beneficia,
464 2365 542 2430 que,
574 2351 609 2411 et
640 2344 710 2410 ubi.
758 2337 859 2423 Item,
882 2344 925 2409 de
955 2344 1152 2410 nominibus
1181 2365 1253 2410 non
1265 2336 1396 2431 ξζῗῇᾞ

96 2437 320 2506 residencium
344 2442 515 2502 rectorum
538 2443 573 2503 et
596 2436 812 2502 vicariorum.
859 2437 961 2516 Item,
976 2437 1037 2522 qui
1059 2435 1254 2502 beneficiati

97 2530 225 2594 fuerint
241 2536 321 2615 post
339 2529 538 2607 Concilium,
557 2535 592 2595 et
609 2529 669 2615 qui
686 2534 768 2594 ante
783 2552 790 2608 ;
826 2535 861 2595 et
878 2528 949 2614 qui,
967 2535 1047 2615 post
1064 2528 1253 2594 Concilium
1266 2537 1376 2630 {0033ss-

96 2622 257 2705 promoti,
286 2622 375 2686 inira
403 2642 533 2687 annum
560 2627 761 2707 sequentem
787 2642 858 2686 non
885 2621 955 2686 sint
983 2621 1018 2686 in
1046 2620 1254 2707 presbiteros
1265 2619 1362 2681 aad„

96 2713 256 2778 ordinati.
304 2714 387 2798 Quis
411 2714 456 2778 sit
479 2713 587 2778 eciam
610 2721 777 2798 patronus
799 2712 999 2799 hujusmodi
1023 2712 1251 2792 ecclesiarum,
1265 2688 1375 2781 ffiff

96 2813 132 2870 et
146 2806 175 2871 si
189 2806 326 2870 ecclesie
348 2805 420 2890 ipse
445 2806 515 2871 sint
528 2799 803 2891 quibuscumque
816 2804 1037 2889 pensionibus
1051 2811 1202 2884 onerate,
1217 2811 1252 2871 et
1265 2789 1387 2881 &iffi

96 2898 233 2982 quibus
255 2904 290 2962 et
311 2898 346 2962 in
367 2903 510 2982 quanto,
533 2903 659 2982 etqua
680 2897 889 2963 auctoritate
910 2897 1114 2976 efficiuntur,
1136 2897 1252 2962 forsan
1266 2890 1345 2942 Lm·

96 2989 259 3067 indebite,
275 2990 459 3054 censuales.
507 2989 608 3067 Item,
622 3010 666 3053 an
681 2989 859 3054 consuevit
872 3008 943 3054 esse
957 2988 1105 3054 vicarius
1115 2988 1251 3068 alicubi,
1265 2990 1365 3059 Pam.-

97 3081 157 3145 ubi
173 3082 276 3146 modo
293 3081 440 3146 vicarius
456 3102 526 3146 non
543 3087 606 3146 est.
654 3081 755 3159 Item,
768 3081 811 3145 de
822 3080 1018 3146 nominibus
1034 3080 1253 3147 ecclesiarum
1265 3090 1376 3132 naum.

97 3174 407 3257 appropriatamm,
449 3179 484 3237 et
524 3172 649 3258 quibus
690 3173 909 3259 appropriate
948 3172 1029 3239 sint.
1076 3173 1178 3251 Item,
1210 3172 1253 3237 de
1265 3189 1347 3232 um

97 3265 293 3330 nominibus
316 3265 533 3330 ecclesiarum
556 3264 835 3343 dedicandarum,
858 3285 919 3330 seu
940 3284 1009 3350 que
1030 3264 1115 3330 alias
1136 3284 1252 3330 recon-
1266 3289 1374 3332 unna

97 3357 242 3423 ciliande
257 3358 384 3422 luerint
403 3377 543 3443 quoquo
562 3377 653 3422 casu.
702 3357 803 3436 Item,
820 3357 863 3421 de
878 3356 1106 3424 intrusoribus
1124 3355 1253 3423 clericIS
1265 3351 1325 3432 23¹2,

97 3449 153 3513 vel
181 3449 275 3514 laicis
304 3450 339 3513 in
370 3448 470 3514 dictis
499 3448 724 3514 decanatibus
753 3448 972 3534 ubicumque.
1019 3448 1106 3528 Hiis,
1136 3449 1252 3535 igitur,
1265 3440 1387 3483 mm·

98 3548 218 3606 exacte
239 3549 274 3606 et
295 3540 533 3606 indubitanter
553 3540 712 3606 discussis
733 3547 769 3607 et
789 3541 1023 3627 perscrutatis,
1045 3540 1144 3607 nobis
1165 3540 1253 3607 citra
1267 3591 1386 3635 ,nm

98 3634 283 3698 terminum
307 3633 461 3718 superius
483 3632 673 3698 limitatum
696 3653 757 3717 per
770 3639 903 3699 vestras
925 3632 1059 3699 litteras
1081 3638 1252 3719 patentes,

98 3725 221 3790 harum
233 3725 353 3790 seriem
366 3725 593 3803 continentes,
603 3725 742 3808 plenam
754 3731 789 3791 et
799 3725 995 3791 evidentem
1011 3724 1254 3791 certitudinem

1381 3338 1420 3383 ted

99 3817 302 3882 rescribatis.
349 3817 508 3883 Ceterum
526 3817 640 3882 citetis
658 3817 886 3903 peremptorie
904 3837 1022 3882 omnes
1040 3823 1198 3896 rectoreS,
1217 3822 1253 3882 et
1266 3845 1410 3887 rosum

98 3930 316 3993 possessores,
342 3908 537 3974 detentores
561 3908 804 3975 beneficiorum
834 3909 869 3974 in
885 3908 986 3977 dictis
1016 3908 1252 3988 decanatibus
1266 3895 1408 3989 ,iffi

99 4021 316 4086 quocumque
344 4001 482 4066 nomine
510 4006 724 4080 censeantur,
753 4022 886 4066 necnon
908 4007 949 4083 ,et
976 4001 1133 4080 vicarios,
1161 3997 1377 4089 pres-{mila
1395 4048 1421 4089 ,ο

99 4094 227 4158 biteros
237 4093 455 4158 ecclesiarum
467 4099 502 4157 et
512 4094 775 4178 capellarum,et
786 4093 1082 4174 ceteros,eoclesiis
1091 4092 1255 4178 qualiter·
1267 4107 1402 4189 mm

99 4206 234 4271 cunque
270 4179 527 4262 deservientes)
555 4185 649 4271 quod
684 4185 753 4250 sint
780 4205 896 4251 coram
929 4185 1029 4252 nobis
1055 4191 1090 4250 et
1115 4183 1253 4263 nostris,

99 4278 269 4355 videlicet,
288 4276 436 4354 divisim,
450 4276 492 4341 de
502 4277 674 4343 decanatu
691 4277 733 4342 de
751 4276 907 4342 Kendale
923 4283 958 4342 et
975 4277 1188 4343 Lounesdale
1203 4276 1250 4362 iiij

98 4369 166 4434 kal.
182 4369 263 4434 Maii
277 4368 387 4454 (April
399 4369 455 4453 28)
469 4369 563 4454 apud
577 4369 741 4448 Burtone,
755 4374 791 4433 et
804 4368 847 4434 de
859 4369 1031 4436 decanatu
1043 4369 1086 4434 de
1098 4368 1255 4434 Aumun-

438 4522 673 4591 massmannum
686 4536 723 4572 on
735 4523 806 4573 both
818 4521 909 4575 lolius.
