2994 4996
169 459 170 462 ¹
273 466 340 512 THE
363 458 526 512 REGISTER
547 465 588 510 OF
610 463 821 510 ARCHBISHOP
842 464 990 510 WILLIAM
1011 464 1212 510 WICKWANE.
1287 468 1325 527 33

166 619 370 698 Edwardus,
415 627 492 697 etc,
536 619 729 684 vicecomiti
773 619 991 696 Eboracensi,
1027 619 1184 684 salutem.
1239 620 1325 685 Cum

166 713 372 778 venerabilis
415 719 524 795 pater,
569 711 634 789 W,
669 711 894 776 Eboracensis
934 712 1218 795 archiepiscopus
1261 732 1326 776 nos

165 805 338 890 rogaverit
359 810 399 868 ut
421 804 466 868 ad
488 802 680 868 custodiam
701 804 879 887 hospitalis
901 803 1018 868 Sancti
1049 803 1205 869 Nicholai
1227 810 1326 869 extra

166 898 374 973 Eboracum,
396 896 494 980 cujus
514 894 778 959 advocacionem
798 916 916 959 versus
936 896 1082 960 eundem
1103 896 1325 980 archiepisco-

166 1010 251 1073 pum
264 987 569 1052 disracionavimus
581 987 616 1050 in
629 987 722 1050 curia
734 1002 852 1051 nostra
864 1008 978 1051 coram
991 987 1187 1072 justiciariis
1199 989 1324 1052 nostris

166 1082 202 1145 in
227 1079 348 1144 eodem
373 1080 553 1156 comitatu,
579 1085 774 1163 presentare
800 1079 966 1143 faciamus
991 1079 1140 1163 aliquem
1165 1080 1324 1144 clericum

165 1173 342 1258 ydoneum
364 1172 423 1256 qui
446 1171 488 1235 de
510 1192 592 1235 cura
614 1171 806 1234 animarum
830 1171 874 1234 ad
897 1171 1072 1235 ecclesiam
1094 1171 1324 1255 parochialem

166 1264 322 1349 ejusdem
340 1263 519 1347 hospitalis
536 1268 714 1346 spectante
732 1263 847 1327 valeat
866 1263 1068 1346 respondere
1083 1286 1091 1340 ;
1126 1283 1199 1340 nos
1219 1264 1324 1347 ipsius

168 1357 412 1440 archiepiscopi
436 1355 570 1439 rogatui
594 1355 629 1418 in
653 1354 718 1418 hac
741 1361 839 1438 parte
863 1355 1098 1419 favorabiliter
1121 1362 1322 1432 annuentes,

167 1449 231 1512 tibi
243 1448 450 1531 precipimus
462 1446 566 1531 quod,
580 1467 641 1530 per
653 1447 830 1510 consilium
843 1447 1110 1531 justiciariorum
1126 1452 1323 1511 nostrorum

165 1540 406 1604 itinerancium
435 1537 528 1622 apud
556 1539 762 1615 Eboracum,
791 1539 943 1622 inquiras
972 1539 1121 1621 aliquem
1149 1538 1322 1623 ydoneum

166 1631 390 1707 sacerdotem,
411 1631 466 1694 vel
486 1631 645 1694 clericum
664 1630 838 1714 ydoneum
858 1631 917 1713 qui
937 1631 972 1693 in
991 1630 1088 1694 brevi
1107 1649 1142 1693 se
1163 1631 1268 1695 faciat
1287 1631 1323 1693 in

166 1723 379 1788 sacerdotem
395 1723 554 1799 ordinari,
571 1727 606 1786 et
620 1722 734 1806 ipsum
748 1721 902 1806 predicto
918 1721 1170 1806 archiepiscopo
1185 1723 1323 1785 nomine

166 1822 285 1879 nostro
307 1821 481 1898 presentes
503 1814 548 1878 ad
570 1813 762 1878 custodiam
784 1813 963 1897 hospitalis
984 1813 1128 1898 predicti
1150 1814 1185 1877 in
1213 1814 1324 1878 forma

166 1907 332 1991 predicta.
379 1907 479 1970 Teste
506 1927 561 1970 me
588 1906 662 1990 ipso
689 1904 782 1989 apud
809 1905 1163 1983 Westmonasterium‚
1192 1905 1237 1990 xij
1269 1905 1323 1968 die

167 1999 384 2076 Novembris
419 2019 509 2062 anno
543 1998 636 2081 regni
669 1997 775 2061 nostri
811 2003 935 2062 octavo
971 1997 1094 2078 (1280).
1141 1997 1196 2061 Ad
1229 1996 1323 2081 quod

166 2090 373 2155 mandatum
408 2090 585 2154 dominum
623 2090 814 2153 Robertum
848 2090 879 2153 le
899 2088 1057 2166 Grantel,
1095 2089 1321 2174 capellanum,
1315 2133 1488 2173 ,mmmm

164 2183 310 2247 latorem
338 2183 560 2266 presencium,
589 2202 631 2245 ex
658 2181 798 2245 consilio
824 2181 954 2245 domini
981 2182 1014 2264 J.
1044 2142 1085 2245 de
1106 2182 1261 2246 Vallibus
1288 2186 1325 2246 et
1337 2185 1360 2276 ff
1367 2183 1476 2282 {¹1¹}gb·

167 2275 336 2338 sociorum
355 2294 504 2351 suorum,
522 2273 788 2358 justiciariorum
806 2272 935 2337 domini
953 2274 1050 2358 regiS,
1069 2273 1113 2338 ad
1130 2280 1206 2338 cust
1192 2274 1323 2338 todiam

168 2366 312 2450 predicti
335 2366 524 2450 hospitaliS,
548 2366 646 2429 vobis
669 2365 752 2429 duxi
774 2364 1053 2450 presentandum,
1077 2366 1323 2450 paternitatem

167 2464 319 2522 vestram
354 2459 447 2521 omni
481 2479 551 2541 qua
584 2477 722 2541 possum
761 2478 906 2521 exorans
944 2457 1122 2541 diligencia
1159 2457 1324 2540 quatinus

168 2550 280 2634 ipsum
300 2550 491 2614 Robertum
510 2549 554 2613 ad
572 2548 764 2613 custodiam
783 2549 961 2633 hospitalis
979 2549 1123 2633 predicti
1141 2549 1324 2614 admittere

169 2641 351 2726 dignemini
371 2662 449 2706 cum
468 2642 595 2705 favore.

211 2761 229 2827 5
263 2746 332 2810 kal.
366 2745 447 2809 Feb.
484 2745 575 2827 (Jan.
611 2744 678 2826 28),
713 2744 843 2809 1280-1.
891 2744 1045 2809 Cawode.
1092 2744 1161 2810 Suo
1194 2746 1324 2811 decano
1338 2789 1474 2831 Mamm„

170 2837 437 2902 Christianitatis
466 2837 701 2914 EboracensiS,
732 2837 804 2914 sal,
836 2843 900 2901 etc.
947 2835 1002 2900 Ad
1031 2837 1323 2921 presentacionem
1337 2841 1478 2940 ξῶᾱξξῡξί

170 2929 283 2994 dilecti
307 2928 342 2992 in
365 2929 499 2993 Christo
522 2929 593 3005 filii,
618 2928 663 3032 J,
687 2929 897 2993 vicecomitis
920 2930 1155 3007 EboracensiS,
1179 2929 1324 3013 speciale
1338 2942 1456 2983 toinduet·

168 3021 372 3086 mandatum
387 3021 517 3085 domini
530 3027 608 3084 nost
611 3022 638 3084 ri
652 3020 737 3105 regis
751 3040 852 3105 super
864 3021 930 3085 hoc
942 3021 1146 3099 exhibentis
1160 3021 1324 3086 dilectum

169 3113 202 3177 in
222 3114 358 3179 Christo
378 3113 497 3189 filium,
519 3113 742 3176 Robertuml
744 3133 761 3175 e
730 3111 891 3177 Gront
913 3113 998 3195 (sic),
1020 3113 1259 3197 presbiterum,
1280 3113 1325 3178 ad

170 3205 361 3270 custodiam
379 3205 558 3289 hospitalis
575 3204 693 3269 Sancti
711 3204 867 3269 Nicholai
885 3210 983 3269 extra
1001 3205 1208 3283 Eboracum,
1227 3206 1326 3290 cujus

172 3297 356 3362 advocacio
380 3297 425 3360 ad
449 3296 626 3360 dominum
651 3317 763 3380 regem
786 3303 940 3380 spectare
964 3296 1163 3375 dinoscitur,
1188 3298 1325 3362 nomine

172 3390 255 3474 regis
288 3388 442 3473 ejusdem
475 3388 685 3465 admisimus
718 3408 850 3452 necnon
882 3385 1324 3479 magistrumIauctoritate

171 3482 341 3545 ordinaria
359 3480 469 3544 eidem
487 3480 648 3565 hospitali
664 3481 867 3565 prefecimus
878 3488 912 3546 et
923 3480 1113 3546 custodem.
1159 3481 1325 3565 Quocirca

173 3573 346 3638 dileccioni
364 3579 423 3637 tue
440 3572 645 3636 mandamus
662 3573 836 3656 quatinus
856 3572 900 3637 ad
918 3573 1086 3657 hospitale
1103 3573 1326 3658 personaliter

174 3665 345 3730 declinans
374 3671 613 3741 memoratum,
645 3665 808 3729 fratribus
838 3672 942 3749 atque
971 3665 1143 3730 sororibus
1172 3664 1326 3750 ejusdem

174 3757 293 3821 domus
305 3757 535 3840 solempniter,
548 3757 621 3820 vice
632 3762 761 3833 nostra,
773 3757 933 3841 injungas
943 3763 983 3821 ut
995 3756 1148 3841 predicto
1161 3758 1325 3833 Roberto,

174 3855 351 3934 tamquam
366 3849 529 3932 magistro
544 3868 605 3912 suo
620 3854 655 3912 et
670 3848 814 3926 custodi,
834 3849 1008 3914 humiliter
1021 3848 1185 3914 obediant
1199 3849 1327 3933 pariter

173 3940 417 4006 etintendant.

214 4053 337 4116 gnon
363 4032 444 4096 Feb.
471 4032 792 4114 (Feb.3),128o-1.
838 4033 964 4117 Thorp.
1010 4032 1076 4111 W,
1100 4039 1177 4111 etc,
1202 4033 1326 4097 dilecto
1340 4001 1488 4093 fddssffnhss

175 4124 207 4190 in
240 4126 377 4192 Christo
413 4124 493 4201 fili0,
531 4124 711 4206 (Robertol
747 4124 777 4188 le
813 4123 933 4203 Grant,
969 4084 1168 4209 presbitero,
1205 4125 1327 4190 rectori
1341 4103 1472 4247 &ff

313 4264 453 4313 1Graunt.
490 4262 539 4310 Fo
570 4261 628 4311 170.
666 4262 710 4310 He
734 4277 791 4312 was
810 4268 861 4313 not
885 4276 902 4310 a
927 4262 1076 4313 successful
1100 4264 1219 4319 warden,
1242 4277 1274 4314 as
1294 4264 1329 4312 he

175 4333 275 4382 wasted
289 4332 339 4383 the
352 4329 439 4394 goods
451 4329 481 4378 of
494 4331 542 4378 the
559 4329 699 4393 Hospital.
735 4329 785 4378 See
801 4329 945 4380 Yorkshire
958 4329 1147 4395 Inquisitions,
1167 4329 1195 4379 ii.
1209 4329 1252 4387 30,
1270 4329 1328 4387 123,

176 4399 261 4517 {iffi
277 4415 294 4450 a
312 4398 386 4462 good
405 4397 468 4446 deal
486 4396 515 4446 oi
533 4395 714 4446 information
732 4397 819 4447 about
832 4399 881 4447 the
893 4398 1002 4463 history
1014 4399 1043 4447 of
1057 4399 1104 4447 the
1123 4399 1209 4447 house
1222 4396 1277 4447 will
1295 4397 1330 4446 be

1182 4574 1203 4624 C
