<?xml version="1.0" encoding="UTF-8"?>
<!DOCTYPE html PUBLIC "-//W3C//DTD XHTML 1.0 Transitional//EN"
    "http://www.w3.org/TR/xhtml1/DTD/xhtml1-transitional.dtd">
<html xmlns="http://www.w3.org/1999/xhtml" xml:lang="en" lang="en">
 <head>
  <title>
</title>
<meta http-equiv="Content-Type" content="text/html;charset=utf-8" />
  <meta name='ocr-system' content='tesseract 3.04.00' />
  <meta name='ocr-capabilities' content='ocr_page ocr_carea ocr_par ocr_line ocrx_word'/>
</head>
<body>
  <div class='ocr_page' id='page_1' title='image "./registerwilliam00wickgoog_0172.png"; bbox 0 0 2994 4996; ppageno 0'>
   <div class='ocr_carea' id='block_1_1' title="bbox 201 481 1255 544">
    <p class='ocr_par' dir='ltr' id='par_1_1' title="bbox 201 481 1255 544">
     <span class='ocr_line' id='line_1_1' title="bbox 201 481 1255 544; baseline 0.001 -15"><span class='ocrx_word' id='word_1_1' title='bbox 201 485 267 530; x_wconf 81' lang='lat' dir='ltr'>THE</span> <span class='ocrx_word' id='word_1_2' title='bbox 289 485 450 531; x_wconf 85' lang='lat' dir='ltr'><strong>REGISTER</strong></span> <span class='ocrx_word' id='word_1_3' title='bbox 473 485 515 531; x_wconf 81' lang='lat' dir='ltr'>OF</span> <span class='ocrx_word' id='word_1_4' title='bbox 537 484 746 531; x_wconf 83' lang='lat' dir='ltr'><strong>ARCHBISHOP</strong></span> <span class='ocrx_word' id='word_1_5' title='bbox 767 486 915 531; x_wconf 82' lang='lat' dir='ltr'>WILLIAM</span> <span class='ocrx_word' id='word_1_6' title='bbox 936 486 1136 532; x_wconf 81' lang='lat' dir='ltr'>WICKWANE.</span> <span class='ocrx_word' id='word_1_7' title='bbox 1200 481 1255 544; x_wconf 86' lang='lat'>105</span> 
     </span>
    </p>
   </div>
   <div class='ocr_carea' id='block_1_2' title="bbox 146 641 1355 728">
    <p class='ocr_par' dir='ltr' id='par_1_2' title="bbox 146 641 1355 728">
     <span class='ocr_line' id='line_1_2' title="bbox 146 641 1355 728; baseline -0.005 -20"><span class='ocrx_word' id='word_1_8' title='bbox 146 643 219 724; x_wconf 82' lang='lat'>336.</span> <span class='ocrx_word' id='word_1_9' title='bbox 268 643 358 706; x_wconf 84' lang='lat' dir='ltr'><strong>Item</strong></span> <span class='ocrx_word' id='word_1_10' title='bbox 390 643 596 707; x_wconf 88' lang='lat' dir='ltr'>mandatum</span> <span class='ocrx_word' id='word_1_11' title='bbox 628 644 694 707; x_wconf 85' lang='lat' dir='ltr'>fuit</span> <span class='ocrx_word' id='word_1_12' title='bbox 727 643 856 708; x_wconf 92' lang='lat' dir='ltr'>decano</span> <span class='ocrx_word' id='word_1_13' title='bbox 889 643 930 707; x_wconf 89' lang='lat' dir='ltr'>de</span> <span class='ocrx_word' id='word_1_14' title='bbox 963 642 1131 707; x_wconf 90' lang='lat' dir='ltr'>Herthille</span> <span class='ocrx_word' id='word_1_15' title='bbox 1162 641 1257 728; x_wconf 94' lang='lat' dir='ltr'>quod</span> <span class='ocrx_word' id='word_1_16' title='bbox 1270 644 1355 685; x_wconf 80' lang='lat' dir='ltr'>similar</span> 
     </span>
    </p>
   </div>
   <div class='ocr_carea' id='block_1_3' title="bbox 102 693 1410 819">
    <p class='ocr_par' dir='ltr' id='par_1_3' title="bbox 102 693 1410 819">
     <span class='ocr_line' id='line_1_3' title="bbox 102 693 1410 819; baseline -0.003 -19"><span class='ocrx_word' id='word_1_17' title='bbox 102 736 278 818; x_wconf 89' lang='lat' dir='ltr'>Johannes</span> <span class='ocrx_word' id='word_1_18' title='bbox 310 735 341 798; x_wconf 91' lang='lat' dir='ltr'>le</span> <span class='ocrx_word' id='word_1_19' title='bbox 374 734 498 799; x_wconf 91' lang='lat' dir='ltr'>Rendu</span> <span class='ocrx_word' id='word_1_20' title='bbox 530 734 681 819; x_wconf 73' lang='lat' dir='ltr'>optinuit</span> <span class='ocrx_word' id='word_1_21' title='bbox 714 735 863 819; x_wconf 83' lang='lat' dir='ltr'>graciam</span> <span class='ocrx_word' id='word_1_22' title='bbox 905 735 1132 800; x_wconf 91' lang='lat' dir='ltr'>absolucionis</span> <span class='ocrx_word' id='word_1_23' title='bbox 1164 733 1258 819; x_wconf 93' lang='lat' dir='ltr'>apud</span> <span class='ocrx_word' id='word_1_24' title='bbox 1271 693 1410 786; x_wconf 55' lang='lat' dir='ltr'>fflffi</span> 
     </span>
    </p>
   </div>
   <div class='ocr_carea' id='block_1_4' title="bbox 104 795 1410 1095">
    <p class='ocr_par' dir='ltr' id='par_1_4' title="bbox 104 795 1410 1095">
     <span class='ocr_line' id='line_1_4' title="bbox 106 795 1410 936; baseline -0.005 -46"><span class='ocrx_word' id='word_1_25' title='bbox 106 827 369 911; x_wconf 84' lang='lat' dir='ltr'>Kirtelingtonc,</span> <span class='ocrx_word' id='word_1_26' title='bbox 396 827 486 910; x_wconf 87' lang='lat' dir='ltr'>xiiij⁰</span> <span class='ocrx_word' id='word_1_27' title='bbox 512 827 579 892; x_wconf 90' lang='lat' dir='ltr'>kal.</span> <span class='ocrx_word' id='word_1_28' title='bbox 607 827 811 892; x_wconf 88' lang='lat' dir='ltr'>Novembris</span> <span class='ocrx_word' id='word_1_29' title='bbox 838 826 928 908; x_wconf 89' lang='lat' dir='ltr'>(Oct.</span> <span class='ocrx_word' id='word_1_30' title='bbox 957 845 1008 911; x_wconf 87' lang='lat'>19,</span> <span class='ocrx_word' id='word_1_31' title='bbox 1036 826 1158 907; x_wconf 87' lang='lat' dir='ltr'>128o);</span> <span class='ocrx_word' id='word_1_32' title='bbox 1208 826 1258 890; x_wconf 90' lang='lat' dir='ltr'>ita</span> <span class='ocrx_word' id='word_1_33' title='bbox 1271 795 1410 936; x_wconf 57' lang='lat' dir='ltr'>{iiiiiioun</span> 
     </span>
     <span class='ocr_line' id='line_1_5' title="bbox 104 895 1385 1004; baseline -0.002 -20"><span class='ocrx_word' id='word_1_34' title='bbox 104 919 210 1002; x_wconf 91' lang='lat' dir='ltr'>quod,</span> <span class='ocrx_word' id='word_1_35' title='bbox 244 919 388 1002; x_wconf 79' lang='lat' dir='ltr'>receptis</span> <span class='ocrx_word' id='word_1_36' title='bbox 421 919 465 983; x_wconf 91' lang='lat' dir='ltr'>ab</span> <span class='ocrx_word' id='word_1_37' title='bbox 498 938 537 984; x_wconf 91' lang='lat' dir='ltr'>eo</span> <span class='ocrx_word' id='word_1_38' title='bbox 570 940 632 995; x_wconf 93' lang='lat' dir='ltr'>xs.,</span> <span class='ocrx_word' id='word_1_39' title='bbox 667 925 735 983; x_wconf 88' lang='lat' dir='ltr'>tres</span> <span class='ocrx_word' id='word_1_40' title='bbox 768 919 909 1004; x_wconf 87' lang='lat' dir='ltr'>recipiat</span> <span class='ocrx_word' id='word_1_41' title='bbox 942 918 1137 1002; x_wconf 89' lang='lat' dir='ltr'>disciplinas</span> <span class='ocrx_word' id='word_1_42' title='bbox 1170 917 1259 983; x_wconf 92' lang='lat' dir='ltr'>circa</span> <span class='ocrx_word' id='word_1_43' title='bbox 1278 895 1385 936; x_wconf 65' lang='lat' dir='ltr'>²¹³⁰”du&#39;</span> 
     </span>
     <span class='ocr_line' id='line_1_6' title="bbox 105 1010 1258 1095; baseline -0.001 -20"><span class='ocrx_word' id='word_1_44' title='bbox 105 1011 280 1075; x_wconf 89' lang='lat' dir='ltr'>ecclesiam</span> <span class='ocrx_word' id='word_1_45' title='bbox 295 1010 336 1074; x_wconf 92' lang='lat' dir='ltr'>de</span> <span class='ocrx_word' id='word_1_46' title='bbox 350 1010 498 1095; x_wconf 85' lang='lat' dir='ltr'>Feryby,</span> <span class='ocrx_word' id='word_1_47' title='bbox 513 1016 547 1077; x_wconf 91' lang='lat' dir='ltr'>et</span> <span class='ocrx_word' id='word_1_48' title='bbox 562 1032 582 1074; x_wconf 90' lang='lat' dir='ltr'>a</span> <span class='ocrx_word' id='word_1_49' title='bbox 595 1011 735 1094; x_wconf 92' lang='lat' dir='ltr'>singulis</span> <span class='ocrx_word' id='word_1_50' title='bbox 748 1010 943 1095; x_wconf 91' lang='lat' dir='ltr'>presbiteris</span> <span class='ocrx_word' id='word_1_51' title='bbox 956 1010 1009 1076; x_wconf 90' lang='lat' dir='ltr'>tui</span> <span class='ocrx_word' id='word_1_52' title='bbox 1022 1011 1210 1075; x_wconf 89' lang='lat' dir='ltr'>decanatus</span> <span class='ocrx_word' id='word_1_53' title='bbox 1223 1010 1258 1074; x_wconf 94' lang='lat' dir='ltr'>in</span> 
     </span>
    </p>
   </div>
   <div class='ocr_carea' id='block_1_5' title="bbox 104 1102 671 1188">
    <p class='ocr_par' dir='ltr' id='par_1_5' title="bbox 104 1102 671 1188">
     <span class='ocr_line' id='line_1_7' title="bbox 104 1102 671 1188; baseline 0 -21"><span class='ocrx_word' id='word_1_54' title='bbox 104 1103 205 1188; x_wconf 88' lang='lat' dir='ltr'>pleno</span> <span class='ocrx_word' id='word_1_55' title='bbox 224 1102 289 1167; x_wconf 92' lang='lat' dir='ltr'>loci</span> <span class='ocrx_word' id='word_1_56' title='bbox 308 1102 459 1186; x_wconf 92' lang='lat' dir='ltr'>capitulo</span> <span class='ocrx_word' id='word_1_57' title='bbox 478 1102 671 1186; x_wconf 77' lang='lat' dir='ltr'>vapuletur.</span> 
     </span>
    </p>
   </div>
   <div class='ocr_carea' id='block_1_6' title="bbox 106 1205 1415 1398">
    <p class='ocr_par' dir='ltr' id='par_1_6' title="bbox 106 1205 1415 1398">
     <span class='ocr_line' id='line_1_8' title="bbox 150 1205 1413 1292; baseline -0.005 -18"><span class='ocrx_word' id='word_1_58' title='bbox 150 1225 224 1291; x_wconf 84' lang='lat'>337.</span> <span class='ocrx_word' id='word_1_59' title='bbox 272 1205 493 1288; x_wconf 85' lang='lat' dir='ltr'>5idusNov.</span> <span class='ocrx_word' id='word_1_60' title='bbox 514 1207 667 1292; x_wconf 74' lang='lat' dir='ltr'>(Nouo,</span> <span class='ocrx_word' id='word_1_61' title='bbox 689 1207 797 1288; x_wconf 85' lang='lat'>1280).</span> <span class='ocrx_word' id='word_1_62' title='bbox 832 1206 995 1272; x_wconf 90' lang='lat' dir='ltr'>Burtone.</span> <span class='ocrx_word' id='word_1_63' title='bbox 1043 1206 1112 1272; x_wconf 88' lang='lat' dir='ltr'>Suo</span> <span class='ocrx_word' id='word_1_64' title='bbox 1130 1206 1259 1271; x_wconf 91' lang='lat' dir='ltr'>decano</span> <span class='ocrx_word' id='word_1_65' title='bbox 1273 1247 1376 1288; x_wconf 64' lang='lat' dir='ltr'>naneae</span> <span class='ocrx_word' id='word_1_66' title='bbox 1389 1249 1413 1288; x_wconf 71' lang='lat' dir='ltr'>u</span> 
     </span>
     <span class='ocr_line' id='line_1_9' title="bbox 106 1297 1415 1398; baseline -0.004 -34"><span class='ocrx_word' id='word_1_67' title='bbox 106 1300 148 1364; x_wconf 92' lang='lat' dir='ltr'>de</span> <span class='ocrx_word' id='word_1_68' title='bbox 164 1298 342 1362; x_wconf 89' lang='lat' dir='ltr'>Herthille.</span> <span class='ocrx_word' id='word_1_69' title='bbox 391 1298 480 1382; x_wconf 82' lang='lat' dir='ltr'>Quia</span> <span class='ocrx_word' id='word_1_70' title='bbox 505 1299 656 1381; x_wconf 88' lang='lat' dir='ltr'>Johanni</span> <span class='ocrx_word' id='word_1_71' title='bbox 682 1298 724 1363; x_wconf 89' lang='lat' dir='ltr'>de</span> <span class='ocrx_word' id='word_1_72' title='bbox 749 1300 938 1384; x_wconf 88' lang='lat' dir='ltr'>Dayncort,</span> <span class='ocrx_word' id='word_1_73' title='bbox 956 1297 1086 1376; x_wconf 90' lang='lat' dir='ltr'>clerico,</span> <span class='ocrx_word' id='word_1_74' title='bbox 1113 1304 1259 1383; x_wconf 90' lang='lat' dir='ltr'>optentu</span> <span class='ocrx_word' id='word_1_75' title='bbox 1273 1299 1415 1398; x_wconf 56' lang='lat' dir='ltr'>ffiggaffi’</span> 
     </span>
    </p>
   </div>
   <div class='ocr_carea' id='block_1_7' title="bbox 110 1389 1386 1490">
    <p class='ocr_par' dir='ltr' id='par_1_7' title="bbox 110 1389 1386 1490">
     <span class='ocr_line' id='line_1_10' title="bbox 110 1389 1386 1490; baseline -0.002 -36"><span class='ocrx_word' id='word_1_76' title='bbox 110 1391 173 1455; x_wconf 91' lang='lat' dir='ltr'>Dei</span> <span class='ocrx_word' id='word_1_77' title='bbox 199 1397 233 1455; x_wconf 92' lang='lat' dir='ltr'>et</span> <span class='ocrx_word' id='word_1_78' title='bbox 259 1397 420 1475; x_wconf 89' lang='lat' dir='ltr'>pretextu</span> <span class='ocrx_word' id='word_1_79' title='bbox 445 1392 619 1475; x_wconf 77' lang='lat' dir='ltr'>parentele</span> <span class='ocrx_word' id='word_1_80' title='bbox 644 1411 715 1469; x_wconf 90' lang='lat' dir='ltr'>sue,</span> <span class='ocrx_word' id='word_1_81' title='bbox 732 1391 940 1456; x_wconf 92' lang='lat' dir='ltr'>contulimus</span> <span class='ocrx_word' id='word_1_82' title='bbox 965 1391 1097 1456; x_wconf 86' lang='lat' dir='ltr'>fructus</span> <span class='ocrx_word' id='word_1_83' title='bbox 1123 1389 1260 1455; x_wconf 86' lang='lat' dir='ltr'>ecclesie</span> <span class='ocrx_word' id='word_1_84' title='bbox 1274 1398 1386 1490; x_wconf 47' lang='lat' dir='ltr'>iffi?</span> 
     </span>
    </p>
   </div>
   <div class='ocr_carea' id='block_1_8' title="bbox 106 1482 1405 1934">
    <p class='ocr_par' dir='ltr' id='par_1_8' title="bbox 106 1482 1405 1843">
     <span class='ocr_line' id='line_1_11' title="bbox 106 1482 1405 1567; baseline -0.004 -21"><span class='ocrx_word' id='word_1_85' title='bbox 106 1483 148 1547; x_wconf 91' lang='lat' dir='ltr'>de</span> <span class='ocrx_word' id='word_1_86' title='bbox 170 1482 333 1566; x_wconf 88' lang='lat' dir='ltr'>Bruneby</span> <span class='ocrx_word' id='word_1_87' title='bbox 347 1483 420 1567; x_wconf 85' lang='lat' dir='ltr'>jam</span> <span class='ocrx_word' id='word_1_88' title='bbox 432 1482 617 1547; x_wconf 78' lang='lat' dir='ltr'>existentes</span> <span class='ocrx_word' id='word_1_89' title='bbox 628 1482 756 1547; x_wconf 90' lang='lat' dir='ltr'>ibidem</span> <span class='ocrx_word' id='word_1_90' title='bbox 767 1483 802 1548; x_wconf 95' lang='lat' dir='ltr'>in</span> <span class='ocrx_word' id='word_1_91' title='bbox 814 1482 964 1567; x_wconf 84' lang='lat' dir='ltr'>grangia,</span> <span class='ocrx_word' id='word_1_92' title='bbox 977 1482 1073 1548; x_wconf 90' lang='lat' dir='ltr'>salvo</span> <span class='ocrx_word' id='word_1_93' title='bbox 1084 1487 1260 1566; x_wconf 89' lang='lat' dir='ltr'>sequestro</span> <span class='ocrx_word' id='word_1_94' title='bbox 1274 1499 1356 1559; x_wconf 61' lang='lat' dir='ltr'>rosave</span> <span class='ocrx_word' id='word_1_95' title='bbox 1367 1499 1405 1539; x_wconf 77' lang='lat' dir='ltr'>ue</span> 
     </span>
     <span class='ocr_line' id='line_1_12' title="bbox 107 1550 1372 1659; baseline 0.002 -21"><span class='ocrx_word' id='word_1_96' title='bbox 107 1581 224 1640; x_wconf 92' lang='lat' dir='ltr'>nostro</span> <span class='ocrx_word' id='word_1_97' title='bbox 243 1575 278 1637; x_wconf 92' lang='lat' dir='ltr'>in</span> <span class='ocrx_word' id='word_1_98' title='bbox 297 1574 397 1638; x_wconf 89' lang='lat' dir='ltr'>rebus</span> <span class='ocrx_word' id='word_1_99' title='bbox 416 1574 536 1639; x_wconf 90' lang='lat' dir='ltr'>ceteris</span> <span class='ocrx_word' id='word_1_100' title='bbox 555 1575 714 1652; x_wconf 89' lang='lat' dir='ltr'>exterius,</span> <span class='ocrx_word' id='word_1_101' title='bbox 735 1595 774 1640; x_wconf 93' lang='lat' dir='ltr'>eo</span> <span class='ocrx_word' id='word_1_102' title='bbox 792 1575 887 1659; x_wconf 89' lang='lat' dir='ltr'>quod</span> <span class='ocrx_word' id='word_1_103' title='bbox 904 1575 994 1638; x_wconf 80' lang='lat' dir='ltr'>inira</span> <span class='ocrx_word' id='word_1_104' title='bbox 1012 1594 1141 1638; x_wconf 92' lang='lat' dir='ltr'>annum</span> <span class='ocrx_word' id='word_1_105' title='bbox 1159 1574 1261 1658; x_wconf 89' lang='lat' dir='ltr'>juxta</span> <span class='ocrx_word' id='word_1_106' title='bbox 1274 1550 1372 1650; x_wconf 56' lang='lat' dir='ltr'>{irini</span> 
     </span>
     <span class='ocr_line' id='line_1_13' title="bbox 107 1665 1372 1751; baseline 0 -21"><span class='ocrx_word' id='word_1_107' title='bbox 107 1667 333 1751; x_wconf 88' lang='lat' dir='ltr'>Lugdunense</span> <span class='ocrx_word' id='word_1_108' title='bbox 355 1666 543 1731; x_wconf 83' lang='lat' dir='ltr'>Concilium</span> <span class='ocrx_word' id='word_1_109' title='bbox 554 1666 589 1730; x_wconf 94' lang='lat' dir='ltr'>in</span> <span class='ocrx_word' id='word_1_110' title='bbox 600 1667 828 1751; x_wconf 90' lang='lat' dir='ltr'>presbiterum</span> <span class='ocrx_word' id='word_1_111' title='bbox 838 1687 908 1731; x_wconf 92' lang='lat' dir='ltr'>non</span> <span class='ocrx_word' id='word_1_112' title='bbox 919 1665 1036 1730; x_wconf 89' lang='lat' dir='ltr'>extitit</span> <span class='ocrx_word' id='word_1_113' title='bbox 1058 1665 1237 1731; x_wconf 90' lang='lat' dir='ltr'>ordinatus</span> <span class='ocrx_word' id='word_1_114' title='bbox 1252 1687 1259 1742; x_wconf 94' lang='grc'>;</span> <span class='ocrx_word' id='word_1_115' title='bbox 1275 1699 1372 1741; x_wconf 42' lang='lat'>1:049&amp;</span> 
     </span>
     <span class='ocr_line' id='line_1_14' title="bbox 108 1757 1262 1843; baseline -0.001 -20"><span class='ocrx_word' id='word_1_116' title='bbox 108 1758 267 1823; x_wconf 91' lang='lat' dir='ltr'>volumus</span> <span class='ocrx_word' id='word_1_117' title='bbox 284 1758 378 1842; x_wconf 94' lang='lat' dir='ltr'>quod</span> <span class='ocrx_word' id='word_1_118' title='bbox 395 1758 466 1822; x_wconf 91' lang='lat' dir='ltr'>sine</span> <span class='ocrx_word' id='word_1_119' title='bbox 484 1759 745 1842; x_wconf 85' lang='lat' dir='ltr'>perturbacione</span> <span class='ocrx_word' id='word_1_120' title='bbox 762 1758 916 1843; x_wconf 90' lang='lat' dir='ltr'>qualibet</span> <span class='ocrx_word' id='word_1_121' title='bbox 934 1759 997 1822; x_wconf 90' lang='lat' dir='ltr'>hec</span> <span class='ocrx_word' id='word_1_122' title='bbox 1013 1764 1132 1822; x_wconf 92' lang='lat' dir='ltr'>nostra</span> <span class='ocrx_word' id='word_1_123' title='bbox 1148 1757 1262 1842; x_wconf 87' lang='lat' dir='ltr'>gracia</span> 
     </span>
    </p>

    <p class='ocr_par' dir='ltr' id='par_1_9' title="bbox 106 1849 1263 1934">
     <span class='ocr_line' id='line_1_15' title="bbox 106 1849 1263 1934; baseline -0.002 -19"><span class='ocrx_word' id='word_1_124' title='bbox 106 1851 171 1915; x_wconf 91' lang='lat' dir='ltr'>sibi</span> <span class='ocrx_word' id='word_1_125' title='bbox 184 1849 369 1920; x_wconf 89' lang='lat' dir='ltr'>liberaliter</span> <span class='ocrx_word' id='word_1_126' title='bbox 383 1851 596 1934; x_wconf 89' lang='lat' dir='ltr'>compleatur</span> <span class='ocrx_word' id='word_1_127' title='bbox 610 1873 617 1928; x_wconf 90' lang='lat'>;</span> <span class='ocrx_word' id='word_1_128' title='bbox 646 1857 681 1914; x_wconf 92' lang='lat' dir='ltr'>et</span> <span class='ocrx_word' id='word_1_129' title='bbox 695 1851 760 1916; x_wconf 92' lang='lat' dir='ltr'>hoc</span> <span class='ocrx_word' id='word_1_130' title='bbox 774 1850 908 1914; x_wconf 90' lang='lat' dir='ltr'>officiali</span> <span class='ocrx_word' id='word_1_131' title='bbox 922 1856 1040 1914; x_wconf 92' lang='lat' dir='ltr'>nostro</span> <span class='ocrx_word' id='word_1_132' title='bbox 1055 1849 1263 1915; x_wconf 91' lang='lat' dir='ltr'>Eboracensi</span> 
     </span>
    </p>
   </div>
   <div class='ocr_carea' id='block_1_9' title="bbox 69 1941 1382 2129">
    <p class='ocr_par' dir='ltr' id='par_1_10' title="bbox 69 1941 1382 2129">
     <span class='ocr_line' id='line_1_16' title="bbox 110 1941 1218 2026; baseline 0 -20"><span class='ocrx_word' id='word_1_133' title='bbox 110 1949 143 2007; x_wconf 88' lang='lat' dir='ltr'>et</span> <span class='ocrx_word' id='word_1_134' title='bbox 165 1942 285 2007; x_wconf 86' lang='lat' dir='ltr'>ceteris</span> <span class='ocrx_word' id='word_1_135' title='bbox 305 1941 469 2006; x_wconf 87' lang='lat' dir='ltr'>ministris</span> <span class='ocrx_word' id='word_1_136' title='bbox 489 1942 614 2007; x_wconf 90' lang='lat' dir='ltr'>nostris</span> <span class='ocrx_word' id='word_1_137' title='bbox 634 1949 751 2008; x_wconf 92' lang='lat' dir='ltr'>tenore</span> <span class='ocrx_word' id='word_1_138' title='bbox 771 1942 984 2026; x_wconf 89' lang='lat' dir='ltr'>presencium</span> <span class='ocrx_word' id='word_1_139' title='bbox 1004 1941 1218 2008; x_wconf 75' lang='lat' dir='ltr'>nunciamus</span> 
     </span>
     <span class='ocr_line' id='line_1_17' title="bbox 69 2045 1382 2129; baseline -0.005 -14"><span class='ocrx_word' id='word_1_140' title='bbox 69 2113 71 2115; x_wconf 81' lang='grc'><em>,</em></span> <span class='ocrx_word' id='word_1_141' title='bbox 155 2046 228 2127; x_wconf 85' lang='grc'>338.</span> <span class='ocrx_word' id='word_1_142' title='bbox 278 2045 317 2110; x_wconf 88' lang='lat'>18</span> <span class='ocrx_word' id='word_1_143' title='bbox 336 2047 403 2110; x_wconf 84' lang='lat' dir='ltr'>kal.</span> <span class='ocrx_word' id='word_1_144' title='bbox 424 2047 505 2111; x_wconf 91' lang='lat' dir='ltr'>Dec.</span> <span class='ocrx_word' id='word_1_145' title='bbox 528 2045 630 2128; x_wconf 90' lang='lat' dir='ltr'>(Nov.</span> <span class='ocrx_word' id='word_1_146' title='bbox 652 2066 703 2129; x_wconf 87' lang='lat'>14,</span> <span class='ocrx_word' id='word_1_147' title='bbox 726 2047 834 2129; x_wconf 84' lang='lat'>1280).</span> <span class='ocrx_word' id='word_1_148' title='bbox 860 2047 1024 2112; x_wconf 90' lang='lat' dir='ltr'>Burtone.</span> <span class='ocrx_word' id='word_1_149' title='bbox 1053 2045 1202 2111; x_wconf 91' lang='lat' dir='ltr'>Henrico</span> <span class='ocrx_word' id='word_1_150' title='bbox 1221 2045 1382 2110; x_wconf 58' lang='lat' dir='ltr'>deliniet·</span> 
     </span>
    </p>
   </div>
   <div class='ocr_carea' id='block_1_10' title="bbox 109 2102 1428 3232">
    <p class='ocr_par' dir='ltr' id='par_1_11' title="bbox 109 2102 1428 2498">
     <span class='ocr_line' id='line_1_18' title="bbox 109 2102 1390 2242; baseline 0.001 -40"><span class='ocrx_word' id='word_1_151' title='bbox 109 2138 353 2215; x_wconf 84' lang='lat' dir='ltr'>Saundclorde,</span> <span class='ocrx_word' id='word_1_152' title='bbox 379 2138 577 2222; x_wconf 87' lang='lat' dir='ltr'>presbitero.</span> <span class='ocrx_word' id='word_1_153' title='bbox 624 2138 837 2223; x_wconf 87' lang='lat' dir='ltr'>Accepimus,</span> <span class='ocrx_word' id='word_1_154' title='bbox 855 2144 890 2203; x_wconf 87' lang='lat' dir='ltr'>et</span> <span class='ocrx_word' id='word_1_155' title='bbox 906 2159 968 2223; x_wconf 91' lang='lat' dir='ltr'>pro</span> <span class='ocrx_word' id='word_1_156' title='bbox 984 2158 1066 2203; x_wconf 89' lang='lat' dir='ltr'>vero</span> <span class='ocrx_word' id='word_1_157' title='bbox 1082 2136 1263 2203; x_wconf 88' lang='lat' dir='ltr'>didicimus</span> <span class='ocrx_word' id='word_1_158' title='bbox 1276 2102 1390 2242; x_wconf 50' lang='grc' dir='ltr'>Ξὲῗέἕῇο</span> 
     </span>
     <span class='ocr_line' id='line_1_19' title="bbox 113 2212 1418 2316; baseline -0.001 -23"><span class='ocrx_word' id='word_1_159' title='bbox 113 2237 148 2293; x_wconf 94' lang='lat' dir='ltr'>et</span> <span class='ocrx_word' id='word_1_160' title='bbox 167 2230 332 2306; x_wconf 90' lang='lat' dir='ltr'>dolemus,</span> <span class='ocrx_word' id='word_1_161' title='bbox 350 2230 444 2314; x_wconf 91' lang='lat' dir='ltr'>quod</span> <span class='ocrx_word' id='word_1_162' title='bbox 468 2231 630 2316; x_wconf 90' lang='lat' dir='ltr'>magister</span> <span class='ocrx_word' id='word_1_163' title='bbox 646 2231 696 2308; x_wconf 90' lang='grc' dir='ltr'>Ρ.,</span> <span class='ocrx_word' id='word_1_164' title='bbox 714 2237 825 2295; x_wconf 88' lang='lat' dir='ltr'>rector</span> <span class='ocrx_word' id='word_1_165' title='bbox 840 2230 977 2295; x_wconf 86' lang='lat' dir='ltr'>ecclesie</span> <span class='ocrx_word' id='word_1_166' title='bbox 1001 2230 1043 2294; x_wconf 94' lang='lat' dir='ltr'>de</span> <span class='ocrx_word' id='word_1_167' title='bbox 1068 2229 1261 2315; x_wconf 89' lang='lat' dir='ltr'>Bayntone,</span> <span class='ocrx_word' id='word_1_168' title='bbox 1275 2256 1362 2294; x_wconf 67' lang='lat' dir='ltr'>curam</span> <span class='ocrx_word' id='word_1_169' title='bbox 1373 2212 1418 2292; x_wconf 71' lang='lat'>20³³</span> 
     </span>
     <span class='ocr_line' id='line_1_20' title="bbox 111 2303 1428 2407; baseline 0 -22"><span class='ocrx_word' id='word_1_170' title='bbox 111 2321 195 2386; x_wconf 90' lang='lat' dir='ltr'>adeo</span> <span class='ocrx_word' id='word_1_171' title='bbox 217 2329 393 2386; x_wconf 89' lang='lat' dir='ltr'>senectute</span> <span class='ocrx_word' id='word_1_172' title='bbox 414 2329 447 2386; x_wconf 86' lang='lat' dir='ltr'>et</span> <span class='ocrx_word' id='word_1_173' title='bbox 470 2322 563 2387; x_wconf 90' lang='lat' dir='ltr'>senio</span> <span class='ocrx_word' id='word_1_174' title='bbox 584 2322 810 2407; x_wconf 84' lang='lat' dir='ltr'>confringitur</span> <span class='ocrx_word' id='word_1_175' title='bbox 842 2321 937 2406; x_wconf 94' lang='lat' dir='ltr'>quod</span> <span class='ocrx_word' id='word_1_176' title='bbox 957 2342 1020 2387; x_wconf 92' lang='lat' dir='ltr'>nec</span> <span class='ocrx_word' id='word_1_177' title='bbox 1040 2342 1183 2407; x_wconf 90' lang='lat' dir='ltr'>persone</span> <span class='ocrx_word' id='word_1_178' title='bbox 1203 2341 1263 2387; x_wconf 91' lang='lat' dir='ltr'>sue</span> <span class='ocrx_word' id='word_1_179' title='bbox 1276 2303 1428 2394; x_wconf 53' lang='lat' dir='ltr'>ffffiffiffim‘</span> 
     </span>
     <span class='ocr_line' id='line_1_21' title="bbox 110 2413 1262 2498; baseline 0 -20"><span class='ocrx_word' id='word_1_180' title='bbox 110 2434 170 2478; x_wconf 89' lang='lat' dir='ltr'>seu</span> <span class='ocrx_word' id='word_1_181' title='bbox 183 2434 294 2477; x_wconf 90' lang='lat' dir='ltr'>rerum</span> <span class='ocrx_word' id='word_1_182' title='bbox 308 2413 422 2478; x_wconf 89' lang='lat' dir='ltr'>debite</span> <span class='ocrx_word' id='word_1_183' title='bbox 435 2414 688 2479; x_wconf 89' lang='lat' dir='ltr'>conservacioni</span> <span class='ocrx_word' id='word_1_184' title='bbox 701 2414 836 2492; x_wconf 90' lang='lat' dir='ltr'>sufficit,</span> <span class='ocrx_word' id='word_1_185' title='bbox 850 2434 913 2479; x_wconf 92' lang='lat' dir='ltr'>nec</span> <span class='ocrx_word' id='word_1_186' title='bbox 925 2413 1067 2480; x_wconf 90' lang='lat' dir='ltr'>diutinis</span> <span class='ocrx_word' id='word_1_187' title='bbox 1080 2413 1262 2498; x_wconf 68' lang='lat' dir='ltr'>obsequiis</span> 
     </span>
    </p>

    <p class='ocr_par' dir='ltr' id='par_1_12' title="bbox 110 2504 1263 2589">
     <span class='ocr_line' id='line_1_22' title="bbox 110 2504 1263 2589; baseline 0.001 -21"><span class='ocrx_word' id='word_1_188' title='bbox 110 2526 170 2589; x_wconf 92' lang='lat' dir='ltr'>pre</span> <span class='ocrx_word' id='word_1_189' title='bbox 193 2505 401 2589; x_wconf 88' lang='lat' dir='ltr'>impotencia</span> <span class='ocrx_word' id='word_1_190' title='bbox 424 2513 458 2570; x_wconf 92' lang='lat' dir='ltr'>et</span> <span class='ocrx_word' id='word_1_191' title='bbox 482 2506 627 2571; x_wconf 89' lang='lat' dir='ltr'>adversa</span> <span class='ocrx_word' id='word_1_192' title='bbox 649 2505 847 2571; x_wconf 86' lang='lat' dir='ltr'>valetudine</span> <span class='ocrx_word' id='word_1_193' title='bbox 882 2506 946 2584; x_wconf 90' lang='lat' dir='ltr'>sui,</span> <span class='ocrx_word' id='word_1_194' title='bbox 970 2505 1063 2571; x_wconf 90' lang='lat' dir='ltr'>valet</span> <span class='ocrx_word' id='word_1_195' title='bbox 1087 2504 1263 2571; x_wconf 89' lang='lat' dir='ltr'>intendere</span> 
     </span>
    </p>

    <p class='ocr_par' dir='ltr' id='par_1_13' title="bbox 110 2596 1262 2675">
     <span class='ocr_line' id='line_1_23' title="bbox 110 2596 1262 2675; baseline 0.001 -15"><span class='ocrx_word' id='word_1_196' title='bbox 110 2597 199 2661; x_wconf 93' lang='lat' dir='ltr'>sicut</span> <span class='ocrx_word' id='word_1_197' title='bbox 211 2603 331 2661; x_wconf 91' lang='lat' dir='ltr'>rector.</span> <span class='ocrx_word' id='word_1_198' title='bbox 366 2597 476 2675; x_wconf 92' lang='lat' dir='ltr'>Unde,</span> <span class='ocrx_word' id='word_1_199' title='bbox 490 2596 532 2662; x_wconf 92' lang='lat' dir='ltr'>de</span> <span class='ocrx_word' id='word_1_200' title='bbox 544 2604 606 2662; x_wconf 95' lang='lat' dir='ltr'>tua</span> <span class='ocrx_word' id='word_1_201' title='bbox 617 2598 802 2662; x_wconf 91' lang='lat' dir='ltr'>sanctitate</span> <span class='ocrx_word' id='word_1_202' title='bbox 814 2604 849 2662; x_wconf 92' lang='lat' dir='ltr'>et</span> <span class='ocrx_word' id='word_1_203' title='bbox 860 2597 1030 2662; x_wconf 89' lang='lat' dir='ltr'>industria</span> <span class='ocrx_word' id='word_1_204' title='bbox 1040 2596 1262 2675; x_wconf 78' lang='lat' dir='ltr'>confidentes,</span> 
     </span>
    </p>

    <p class='ocr_par' dir='ltr' id='par_1_14' title="bbox 111 2689 1263 2773">
     <span class='ocr_line' id='line_1_24' title="bbox 111 2689 1263 2773; baseline 0 -20"><span class='ocrx_word' id='word_1_205' title='bbox 111 2709 228 2753; x_wconf 88' lang='lat' dir='ltr'>curam</span> <span class='ocrx_word' id='word_1_206' title='bbox 252 2689 397 2773; x_wconf 87' lang='lat' dir='ltr'>predicti</span> <span class='ocrx_word' id='word_1_207' title='bbox 420 2690 559 2754; x_wconf 90' lang='lat' dir='ltr'>rectoris</span> <span class='ocrx_word' id='word_1_208' title='bbox 583 2696 617 2754; x_wconf 91' lang='lat' dir='ltr'>et</span> <span class='ocrx_word' id='word_1_209' title='bbox 641 2710 765 2766; x_wconf 91' lang='lat' dir='ltr'>rerum,</span> <span class='ocrx_word' id='word_1_210' title='bbox 790 2689 835 2754; x_wconf 90' lang='lat' dir='ltr'>ad</span> <span class='ocrx_word' id='word_1_211' title='bbox 858 2689 1014 2754; x_wconf 91' lang='lat' dir='ltr'>eundem·</span> <span class='ocrx_word' id='word_1_212' title='bbox 1029 2695 1063 2754; x_wconf 91' lang='lat' dir='ltr'>et</span> <span class='ocrx_word' id='word_1_213' title='bbox 1087 2689 1263 2754; x_wconf 89' lang='lat' dir='ltr'>ecclesiam</span> 
     </span>
    </p>

    <p class='ocr_par' dir='ltr' id='par_1_15' title="bbox 110 2780 1261 2866">
     <span class='ocr_line' id='line_1_25' title="bbox 110 2780 1261 2866; baseline 0 -22"><span class='ocrx_word' id='word_1_214' title='bbox 110 2802 208 2845; x_wconf 91' lang='lat' dir='ltr'>suam</span> <span class='ocrx_word' id='word_1_215' title='bbox 238 2781 497 2865; x_wconf 87' lang='lat' dir='ltr'>pertinencium,</span> <span class='ocrx_word' id='word_1_216' title='bbox 527 2803 597 2846; x_wconf 89' lang='lat' dir='ltr'>una</span> <span class='ocrx_word' id='word_1_217' title='bbox 626 2802 705 2846; x_wconf 91' lang='lat' dir='ltr'>cum</span> <span class='ocrx_word' id='word_1_218' title='bbox 734 2781 874 2866; x_wconf 90' lang='lat' dir='ltr'>singulis</span> <span class='ocrx_word' id='word_1_219' title='bbox 902 2781 1036 2865; x_wconf 89' lang='lat' dir='ltr'>juribus</span> <span class='ocrx_word' id='word_1_220' title='bbox 1065 2780 1261 2857; x_wconf 89' lang='lat' dir='ltr'>eorundem,</span> 
     </span>
    </p>

    <p class='ocr_par' dir='ltr' id='par_1_16' title="bbox 110 2871 1263 2958">
     <span class='ocr_line' id='line_1_26' title="bbox 110 2871 1263 2958; baseline -0.001 -21"><span class='ocrx_word' id='word_1_221' title='bbox 110 2872 174 2937; x_wconf 93' lang='lat' dir='ltr'>tibi</span> <span class='ocrx_word' id='word_1_222' title='bbox 195 2873 443 2937; x_wconf 91' lang='lat' dir='ltr'>committimus</span> <span class='ocrx_word' id='word_1_223' title='bbox 463 2893 524 2957; x_wconf 92' lang='lat' dir='ltr'>per</span> <span class='ocrx_word' id='word_1_224' title='bbox 543 2880 717 2958; x_wconf 89' lang='lat' dir='ltr'>presentes</span> <span class='ocrx_word' id='word_1_225' title='bbox 738 2873 846 2939; x_wconf 91' lang='lat' dir='ltr'>donec</span> <span class='ocrx_word' id='word_1_226' title='bbox 866 2873 959 2939; x_wconf 88' lang='lat' dir='ltr'>aliud</span> <span class='ocrx_word' id='word_1_227' title='bbox 991 2871 1263 2938; x_wconf 90' lang='lat' dir='ltr'>ordinaverimus</span> 
     </span>
    </p>

    <p class='ocr_par' dir='ltr' id='par_1_17' title="bbox 111 2964 1263 3050">
     <span class='ocr_line' id='line_1_27' title="bbox 111 2964 1263 3050; baseline 0 -22"><span class='ocrx_word' id='word_1_228' title='bbox 111 2965 152 3028; x_wconf 92' lang='lat' dir='ltr'>de</span> <span class='ocrx_word' id='word_1_229' title='bbox 175 2964 369 3048; x_wconf 83' lang='lat' dir='ltr'>premissis3</span> <span class='ocrx_word' id='word_1_230' title='bbox 413 2965 568 3030; x_wconf 84' lang='lat' dir='ltr'>volentes</span> <span class='ocrx_word' id='word_1_231' title='bbox 589 2964 683 3050; x_wconf 91' lang='lat' dir='ltr'>quod</span> <span class='ocrx_word' id='word_1_232' title='bbox 705 2965 940 3030; x_wconf 91' lang='lat' dir='ltr'>omnimodam</span> <span class='ocrx_word' id='word_1_233' title='bbox 962 2985 1074 3030; x_wconf 91' lang='lat' dir='ltr'>rerum</span> <span class='ocrx_word' id='word_1_234' title='bbox 1097 2964 1263 3050; x_wconf 91' lang='lat' dir='ltr'>dilapida-</span> 
     </span>
    </p>

    <p class='ocr_par' dir='ltr' id='par_1_18' title="bbox 111 3056 1263 3232">
     <span class='ocr_line' id='line_1_28' title="bbox 111 3056 1263 3141; baseline 0.003 -22"><span class='ocrx_word' id='word_1_235' title='bbox 111 3056 243 3120; x_wconf 87' lang='lat' dir='ltr'>cionem</span> <span class='ocrx_word' id='word_1_236' title='bbox 271 3062 306 3120; x_wconf 93' lang='lat' dir='ltr'>et</span> <span class='ocrx_word' id='word_1_237' title='bbox 344 3056 643 3141; x_wconf 92' lang='lat' dir='ltr'>consumpcionem</span> <span class='ocrx_word' id='word_1_238' title='bbox 680 3057 808 3122; x_wconf 92' lang='lat' dir='ltr'>ibidem</span> <span class='ocrx_word' id='word_1_239' title='bbox 836 3059 992 3123; x_wconf 90' lang='lat' dir='ltr'>decetero</span> <span class='ocrx_word' id='word_1_240' title='bbox 1021 3057 1105 3123; x_wconf 90' lang='lat' dir='ltr'>totis</span> <span class='ocrx_word' id='word_1_241' title='bbox 1133 3056 1263 3122; x_wconf 89' lang='lat' dir='ltr'>viribus</span> 
     </span>
     <span class='ocr_line' id='line_1_29' title="bbox 112 3148 499 3232; baseline 0 -21"><span class='ocrx_word' id='word_1_242' title='bbox 112 3148 267 3212; x_wconf 84' lang='lat' dir='ltr'>destruas</span> <span class='ocrx_word' id='word_1_243' title='bbox 291 3154 325 3211; x_wconf 87' lang='lat' dir='ltr'>et</span> <span class='ocrx_word' id='word_1_244' title='bbox 348 3148 499 3232; x_wconf 83' lang='lat' dir='ltr'>repellas.</span> 
     </span>
    </p>
   </div>
   <div class='ocr_carea' id='block_1_11' title="bbox 155 3239 1417 3324">
    <p class='ocr_par' dir='ltr' id='par_1_19' title="bbox 155 3239 1417 3324">
     <span class='ocr_line' id='line_1_30' title="bbox 155 3239 1417 3324; baseline -0.01 -19"><span class='ocrx_word' id='word_1_245' title='bbox 155 3258 228 3324; x_wconf 82' lang='lat'>339.</span> <span class='ocrx_word' id='word_1_246' title='bbox 277 3240 396 3304; x_wconf 91' lang='lat' dir='ltr'>Idibus</span> <span class='ocrx_word' id='word_1_247' title='bbox 417 3240 506 3304; x_wconf 79' lang='lat' dir='ltr'>Nov,</span> <span class='ocrx_word' id='word_1_248' title='bbox 530 3240 632 3322; x_wconf 82' lang='lat' dir='ltr'>(NoV.</span> <span class='ocrx_word' id='word_1_249' title='bbox 657 3261 707 3323; x_wconf 85' lang='lat'>13,</span> <span class='ocrx_word' id='word_1_250' title='bbox 732 3242 840 3324; x_wconf 84' lang='lat'>1280).</span> <span class='ocrx_word' id='word_1_251' title='bbox 869 3242 1031 3307; x_wconf 91' lang='lat' dir='ltr'>Burtone.</span> <span class='ocrx_word' id='word_1_252' title='bbox 1061 3241 1201 3309; x_wconf 89' lang='lat' dir='ltr'>Decano</span> <span class='ocrx_word' id='word_1_253' title='bbox 1222 3239 1264 3304; x_wconf 92' lang='lat' dir='ltr'>de</span> <span class='ocrx_word' id='word_1_254' title='bbox 1277 3255 1417 3297; x_wconf 65' lang='lat' dir='ltr'>naraon</span> 
     </span>
    </p>
   </div>
   <div class='ocr_carea' id='block_1_12' title="bbox 113 3308 1421 3418">
    <p class='ocr_par' dir='ltr' id='par_1_20' title="bbox 113 3308 1421 3418">
     <span class='ocr_line' id='line_1_31' title="bbox 113 3308 1421 3418; baseline 0 -23"><span class='ocrx_word' id='word_1_255' title='bbox 113 3332 289 3397; x_wconf 88' lang='lat' dir='ltr'>Herthille.</span> <span class='ocrx_word' id='word_1_256' title='bbox 338 3332 543 3397; x_wconf 88' lang='lat' dir='ltr'>Mandamus</span> <span class='ocrx_word' id='word_1_257' title='bbox 561 3333 625 3398; x_wconf 92' lang='lat' dir='ltr'>tibi</span> <span class='ocrx_word' id='word_1_258' title='bbox 643 3333 807 3418; x_wconf 89' lang='lat' dir='ltr'>quatinus</span> <span class='ocrx_word' id='word_1_259' title='bbox 825 3333 941 3398; x_wconf 90' lang='lat' dir='ltr'>omnia</span> <span class='ocrx_word' id='word_1_260' title='bbox 958 3332 1049 3398; x_wconf 92' lang='lat' dir='ltr'>bona</span> <span class='ocrx_word' id='word_1_261' title='bbox 1067 3333 1204 3398; x_wconf 90' lang='lat' dir='ltr'>ecclesie</span> <span class='ocrx_word' id='word_1_262' title='bbox 1222 3331 1265 3396; x_wconf 92' lang='lat' dir='ltr'>de</span> <span class='ocrx_word' id='word_1_263' title='bbox 1277 3308 1421 3407; x_wconf 53' lang='lat' dir='ltr'>{iffi</span> 
     </span>
    </p>
   </div>
   <div class='ocr_carea' id='block_1_13' title="bbox 112 3407 1392 3876">
    <p class='ocr_par' dir='ltr' id='par_1_21' title="bbox 112 3407 1392 3876">
     <span class='ocr_line' id='line_1_32' title="bbox 112 3407 1366 3511; baseline 0.002 -25"><span class='ocrx_word' id='word_1_264' title='bbox 112 3423 247 3508; x_wconf 89' lang='lat' dir='ltr'>Feriby‚</span> <span class='ocrx_word' id='word_1_265' title='bbox 261 3445 328 3508; x_wconf 91' lang='lat' dir='ltr'>que</span> <span class='ocrx_word' id='word_1_266' title='bbox 341 3445 402 3508; x_wconf 92' lang='lat' dir='ltr'>per</span> <span class='ocrx_word' id='word_1_267' title='bbox 415 3424 603 3489; x_wconf 88' lang='lat' dir='ltr'>Ricardum</span> <span class='ocrx_word' id='word_1_268' title='bbox 616 3425 658 3489; x_wconf 88' lang='lat' dir='ltr'>de</span> <span class='ocrx_word' id='word_1_269' title='bbox 671 3426 782 3511; x_wconf 87' lang='lat' dir='ltr'>Vescy</span> <span class='ocrx_word' id='word_1_270' title='bbox 794 3432 829 3490; x_wconf 85' lang='lat' dir='ltr'>et</span> <span class='ocrx_word' id='word_1_271' title='bbox 842 3445 921 3490; x_wconf 91' lang='lat' dir='ltr'>suos</span> <span class='ocrx_word' id='word_1_272' title='bbox 934 3424 1061 3490; x_wconf 84' lang='lat' dir='ltr'>fuerint</span> <span class='ocrx_word' id='word_1_273' title='bbox 1074 3424 1263 3501; x_wconf 91' lang='lat' dir='ltr'>subtracta,</span> <span class='ocrx_word' id='word_1_274' title='bbox 1278 3407 1366 3499; x_wconf 54' lang='grc' dir='ltr'>ἷὴῗοῗ,</span> 
     </span>
     <span class='ocr_line' id='line_1_33' title="bbox 113 3515 1392 3600; baseline 0.002 -22"><span class='ocrx_word' id='word_1_275' title='bbox 113 3521 147 3578; x_wconf 87' lang='lat' dir='ltr'>et</span> <span class='ocrx_word' id='word_1_276' title='bbox 169 3515 295 3579; x_wconf 91' lang='lat' dir='ltr'>ibidem</span> <span class='ocrx_word' id='word_1_277' title='bbox 318 3516 352 3579; x_wconf 93' lang='lat' dir='ltr'>in</span> <span class='ocrx_word' id='word_1_278' title='bbox 375 3516 467 3593; x_wconf 90' lang='lat' dir='ltr'>villa,</span> <span class='ocrx_word' id='word_1_279' title='bbox 484 3537 616 3581; x_wconf 92' lang='lat' dir='ltr'>necnon</span> <span class='ocrx_word' id='word_1_280' title='bbox 633 3524 667 3582; x_wconf 89' lang='lat' dir='ltr'>et</span> <span class='ocrx_word' id='word_1_281' title='bbox 689 3517 724 3581; x_wconf 93' lang='lat' dir='ltr'>in</span> <span class='ocrx_word' id='word_1_282' title='bbox 746 3517 898 3582; x_wconf 87' lang='lat' dir='ltr'>manerio</span> <span class='ocrx_word' id='word_1_283' title='bbox 920 3537 981 3581; x_wconf 93' lang='lat' dir='ltr'>suo</span> <span class='ocrx_word' id='word_1_284' title='bbox 1003 3515 1046 3580; x_wconf 90' lang='lat' dir='ltr'>de</span> <span class='ocrx_word' id='word_1_285' title='bbox 1068 3515 1264 3600; x_wconf 83' lang='lat' dir='ltr'>Waldeby¹‚</span> <span class='ocrx_word' id='word_1_286' title='bbox 1279 3558 1317 3599; x_wconf 66' lang='lat' dir='ltr'>F,</span> <span class='ocrx_word' id='word_1_287' title='bbox 1331 3556 1392 3599; x_wconf 81' lang='lat' dir='ltr'>nu.</span> 
     </span>
     <span class='ocr_line' id='line_1_34' title="bbox 113 3606 1265 3693; baseline 0.003 -24"><span class='ocrx_word' id='word_1_288' title='bbox 113 3613 215 3690; x_wconf 87' lang='lat' dir='ltr'>prout</span> <span class='ocrx_word' id='word_1_289' title='bbox 233 3606 473 3684; x_wconf 87' lang='lat' dir='ltr'>intelleximus,</span> <span class='ocrx_word' id='word_1_290' title='bbox 493 3615 679 3693; x_wconf 88' lang='lat' dir='ltr'>receptata,</span> <span class='ocrx_word' id='word_1_291' title='bbox 699 3609 816 3673; x_wconf 93' lang='lat' dir='ltr'>debita</span> <span class='ocrx_word' id='word_1_292' title='bbox 832 3609 1006 3673; x_wconf 88' lang='lat' dir='ltr'>celeritate</span> <span class='ocrx_word' id='word_1_293' title='bbox 1023 3612 1213 3692; x_wconf 90' lang='lat' dir='ltr'>sequestres</span> <span class='ocrx_word' id='word_1_294' title='bbox 1231 3613 1265 3672; x_wconf 88' lang='lat' dir='ltr'>et</span> 
     </span>
     <span class='ocr_line' id='line_1_35' title="bbox 113 3698 1266 3783; baseline 0 -21"><span class='ocrx_word' id='word_1_295' title='bbox 113 3699 177 3763; x_wconf 93' lang='lat' dir='ltr'>sub</span> <span class='ocrx_word' id='word_1_296' title='bbox 194 3705 272 3762; x_wconf 91' lang='lat' dir='ltr'>tuta</span> <span class='ocrx_word' id='word_1_297' title='bbox 288 3699 445 3763; x_wconf 90' lang='lat' dir='ltr'>custodia</span> <span class='ocrx_word' id='word_1_298' title='bbox 461 3720 649 3777; x_wconf 89' lang='lat' dir='ltr'>conserves,</span> <span class='ocrx_word' id='word_1_299' title='bbox 668 3700 775 3765; x_wconf 92' lang='lat' dir='ltr'>donec</span> <span class='ocrx_word' id='word_1_300' title='bbox 792 3700 884 3764; x_wconf 87' lang='lat' dir='ltr'>aliud</span> <span class='ocrx_word' id='word_1_301' title='bbox 901 3721 922 3764; x_wconf 91' lang='lat' dir='ltr'>a</span> <span class='ocrx_word' id='word_1_302' title='bbox 936 3699 1035 3764; x_wconf 91' lang='lat' dir='ltr'>nobis</span> <span class='ocrx_word' id='word_1_303' title='bbox 1051 3699 1215 3783; x_wconf 84' lang='lat' dir='ltr'>receperis</span> <span class='ocrx_word' id='word_1_304' title='bbox 1230 3698 1266 3763; x_wconf 93' lang='lat' dir='ltr'>in</span> 
     </span>
     <span class='ocr_line' id='line_1_36' title="bbox 115 3790 1266 3876; baseline 0.003 -23"><span class='ocrx_word' id='word_1_305' title='bbox 115 3791 287 3854; x_wconf 88' lang='lat' dir='ltr'>mandatis</span> <span class='ocrx_word' id='word_1_306' title='bbox 303 3813 310 3866; x_wconf 92' lang='grc'>;</span> <span class='ocrx_word' id='word_1_307' title='bbox 341 3792 609 3857; x_wconf 87' lang='lat' dir='ltr'>contradictores</span> <span class='ocrx_word' id='word_1_308' title='bbox 624 3798 657 3857; x_wconf 88' lang='lat' dir='ltr'>et</span> <span class='ocrx_word' id='word_1_309' title='bbox 674 3792 813 3857; x_wconf 90' lang='lat' dir='ltr'>rebelles</span> <span class='ocrx_word' id='word_1_310' title='bbox 827 3812 888 3876; x_wconf 88' lang='lat' dir='ltr'>per</span> <span class='ocrx_word' id='word_1_311' title='bbox 902 3810 1080 3857; x_wconf 89' lang='lat' dir='ltr'>censuram</span> <span class='ocrx_word' id='word_1_312' title='bbox 1095 3790 1266 3856; x_wconf 89' lang='lat' dir='ltr'>ecclesias-</span> 
     </span>
    </p>
   </div>
   <div class='ocr_carea' id='block_1_14' title="bbox 114 3882 1421 3966">
    <p class='ocr_par' dir='ltr' id='par_1_22' title="bbox 114 3882 1421 3966">
     <span class='ocr_line' id='line_1_37' title="bbox 114 3882 1421 3966; baseline 0.014 -21"><span class='ocrx_word' id='word_1_313' title='bbox 114 3882 218 3946; x_wconf 92' lang='lat' dir='ltr'>ticam</span> <span class='ocrx_word' id='word_1_314' title='bbox 237 3884 494 3966; x_wconf 89' lang='lat' dir='ltr'>compesccndo.</span> <span class='ocrx_word' id='word_1_315' title='bbox 540 3884 634 3948; x_wconf 87' lang='lat' dir='ltr'>Vale.</span> <span class='ocrx_word' id='word_1_316' title='bbox 1280 3920 1383 3961; x_wconf 69' lang='lat' dir='ltr'>naneae</span> <span class='ocrx_word' id='word_1_317' title='bbox 1396 3924 1421 3962; x_wconf 79' lang='grc' dir='ltr'><strong>ω</strong></span> 
     </span>
    </p>
   </div>
   <div class='ocr_carea' id='block_1_15' title="bbox 157 3971 1415 4069">
    <p class='ocr_par' dir='ltr' id='par_1_23' title="bbox 157 3971 1415 4069">
     <span class='ocr_line' id='line_1_38' title="bbox 157 3971 1415 4069; baseline 0.002 -21"><span class='ocrx_word' id='word_1_318' title='bbox 157 4004 231 4068; x_wconf 83' lang='grc'>340.</span> <span class='ocrx_word' id='word_1_319' title='bbox 281 3986 320 4050; x_wconf 81' lang='lat'>16</span> <span class='ocrx_word' id='word_1_320' title='bbox 345 3986 412 4050; x_wconf 89' lang='lat' dir='ltr'>kal.</span> <span class='ocrx_word' id='word_1_321' title='bbox 440 3987 521 4052; x_wconf 91' lang='lat' dir='ltr'>Dec.</span> <span class='ocrx_word' id='word_1_322' title='bbox 550 3987 651 4069; x_wconf 90' lang='lat' dir='ltr'>(Nov.</span> <span class='ocrx_word' id='word_1_323' title='bbox 681 3989 731 4066; x_wconf 80' lang='lat'>16,</span> <span class='ocrx_word' id='word_1_324' title='bbox 760 3988 869 4069; x_wconf 80' lang='lat'>1280).</span> <span class='ocrx_word' id='word_1_325' title='bbox 917 3988 1080 4054; x_wconf 89' lang='lat' dir='ltr'>Burtone.</span> <span class='ocrx_word' id='word_1_326' title='bbox 1127 3971 1415 4062; x_wconf 57' lang='lat' dir='ltr'>Decanoffgffigff</span> 
     </span>
    </p>
   </div>
   <div class='ocr_carea' id='block_1_16' title="bbox 115 4072 1401 4164">
    <p class='ocr_par' dir='ltr' id='par_1_24' title="bbox 115 4072 1401 4164">
     <span class='ocr_line' id='line_1_39' title="bbox 115 4072 1401 4164; baseline 0.005 -24"><span class='ocrx_word' id='word_1_327' title='bbox 115 4078 362 4142; x_wconf 84' lang='lat' dir='ltr'>Holdemessie.</span> <span class='ocrx_word' id='word_1_328' title='bbox 410 4078 505 4143; x_wconf 85' lang='lat' dir='ltr'>Circa</span> <span class='ocrx_word' id='word_1_329' title='bbox 545 4080 653 4164; x_wconf 89' lang='lat' dir='ltr'>gregis</span> <span class='ocrx_word' id='word_1_330' title='bbox 693 4080 792 4145; x_wconf 90' lang='lat' dir='ltr'>nobis</span> <span class='ocrx_word' id='word_1_331' title='bbox 832 4100 950 4144; x_wconf 91' lang='lat' dir='ltr'>curam</span> <span class='ocrx_word' id='word_1_332' title='bbox 990 4078 1172 4156; x_wconf 88' lang='lat' dir='ltr'>commissi,</span> <span class='ocrx_word' id='word_1_333' title='bbox 1213 4072 1401 4162; x_wconf 66' lang='lat' dir='ltr'>ut,‘12,{{,‘{„„</span> 
     </span>
    </p>
   </div>
   <div class='ocr_carea' id='block_1_17' title="bbox 113 4169 1392 4272">
    <p class='ocr_par' dir='ltr' id='par_1_25' title="bbox 113 4169 1392 4272">
     <span class='ocr_line' id='line_1_40' title="bbox 113 4169 1392 4272; baseline 0.005 -41"><span class='ocrx_word' id='word_1_334' title='bbox 113 4169 274 4252; x_wconf 90' lang='lat' dir='ltr'>propulso</span> <span class='ocrx_word' id='word_1_335' title='bbox 295 4170 415 4234; x_wconf 88' lang='lat' dir='ltr'>erroris</span> <span class='ocrx_word' id='word_1_336' title='bbox 435 4171 546 4248; x_wconf 87' lang='lat' dir='ltr'>devio,</span> <span class='ocrx_word' id='word_1_337' title='bbox 568 4172 662 4237; x_wconf 86' lang='lat' dir='ltr'>viam</span> <span class='ocrx_word' id='word_1_338' title='bbox 682 4172 803 4237; x_wconf 89' lang='lat' dir='ltr'>salutis</span> <span class='ocrx_word' id='word_1_339' title='bbox 823 4172 1063 4256; x_wconf 89' lang='lat' dir='ltr'>amplectatur,</span> <span class='ocrx_word' id='word_1_340' title='bbox 1084 4170 1267 4256; x_wconf 87' lang='lat' dir='ltr'>vigilanter</span> <span class='ocrx_word' id='word_1_341' title='bbox 1278 4171 1392 4272; x_wconf 50' lang='lat' dir='ltr'>ffiffiw</span> 
     </span>
    </p>
   </div>
   <div class='ocr_carea' id='block_1_18' title="bbox 114 4261 1401 4366">
    <p class='ocr_par' dir='ltr' id='par_1_26' title="bbox 114 4261 1401 4366">
     <span class='ocr_line' id='line_1_41' title="bbox 114 4261 1401 4366; baseline 0.002 -43"><span class='ocrx_word' id='word_1_342' title='bbox 114 4261 289 4324; x_wconf 87' lang='lat' dir='ltr'>intendere</span> <span class='ocrx_word' id='word_1_343' title='bbox 323 4262 508 4345; x_wconf 89' lang='lat' dir='ltr'>cupientes,</span> <span class='ocrx_word' id='word_1_344' title='bbox 544 4284 583 4328; x_wconf 91' lang='lat' dir='ltr'>ea</span> <span class='ocrx_word' id='word_1_345' title='bbox 616 4285 684 4348; x_wconf 91' lang='lat' dir='ltr'>que</span> <span class='ocrx_word' id='word_1_346' title='bbox 717 4265 811 4329; x_wconf 83' lang='lat' dir='ltr'>lama</span> <span class='ocrx_word' id='word_1_347' title='bbox 843 4264 1006 4348; x_wconf 91' lang='lat' dir='ltr'>probrose</span> <span class='ocrx_word' id='word_1_348' title='bbox 1039 4262 1266 4366; x_wconf 73' lang='lat' dir='ltr'>conspuimus</span> <span class='ocrx_word' id='word_1_349' title='bbox 1279 4283 1401 4363; x_wconf 53' lang='lat' dir='ltr'>{gogm</span> 
     </span>
    </p>
   </div>
   <div class='ocr_carea' id='block_1_19' title="bbox 112 4353 1395 4549">
    <p class='ocr_par' dir='ltr' id='par_1_27' title="bbox 112 4353 1395 4549">
     <span class='ocr_line' id='line_1_42' title="bbox 112 4353 1395 4463; baseline 0.002 -47"><span class='ocrx_word' id='word_1_350' title='bbox 112 4353 327 4417; x_wconf 88' lang='lat' dir='ltr'>exclamante</span> <span class='ocrx_word' id='word_1_351' title='bbox 346 4353 544 4439; x_wconf 89' lang='lat' dir='ltr'>corrigenda</span> <span class='ocrx_word' id='word_1_352' title='bbox 561 4356 723 4440; x_wconf 89' lang='lat' dir='ltr'>preterire</span> <span class='ocrx_word' id='word_1_353' title='bbox 741 4377 811 4421; x_wconf 93' lang='lat' dir='ltr'>non</span> <span class='ocrx_word' id='word_1_354' title='bbox 829 4375 1022 4441; x_wconf 83' lang='lat' dir='ltr'>possumus,</span> <span class='ocrx_word' id='word_1_355' title='bbox 1041 4373 1125 4440; x_wconf 91' lang='lat' dir='ltr'>qum</span> <span class='ocrx_word' id='word_1_356' title='bbox 1143 4372 1266 4418; x_wconf 91' lang='lat' dir='ltr'>manus</span> <span class='ocrx_word' id='word_1_357' title='bbox 1279 4372 1361 4463; x_wconf 51' lang='lat' dir='ltr'>iffi}</span> <span class='ocrx_word' id='word_1_358' title='bbox 1371 4375 1395 4413; x_wconf 82' lang='lat' dir='ltr'>to</span> 
     </span>
     <span class='ocr_line' id='line_1_43' title="bbox 539 4473 1345 4549; baseline 0.006 -18"><span class='ocrx_word' id='word_1_359' title='bbox 539 4481 687 4549; x_wconf 61' lang='lat' dir='ltr'>manem.</span> <span class='ocrx_word' id='word_1_360' title='bbox 726 4484 774 4533; x_wconf 77' lang='lat' dir='ltr'>ro.</span> <span class='ocrx_word' id='word_1_361' title='bbox 792 4483 850 4535; x_wconf 83' lang='lat'>174.</span> <span class='ocrx_word' id='word_1_362' title='bbox 1340 4473 1345 4482; x_wconf 84' lang='lat'>&#39;</span> 
     </span>
    </p>
   </div>
   <div class='ocr_carea' id='block_1_20' title="bbox 0 0 1515 4996">
    <p class='ocr_par' dir='ltr' id='par_1_28' title="bbox 0 0 1515 4996">
     <span class='ocr_line' id='line_1_44' title="bbox 0 0 1515 4996; baseline 0 0"><span class='ocrx_word' id='word_1_363' title='bbox 0 0 1515 4996; x_wconf 95' lang='lat' dir='ltr'> </span> 
     </span>
    </p>
   </div>
  </div>
 </body>
</html>
