2994 4996
243 473 303 537 204
367 474 434 521 THE
456 472 620 521 REGISTER
640 472 682 520 OF
704 470 914 519 ARCHBISHOP
935 471 1083 518 WILLIAM
1104 467 1306 518 WICKWANE.

242 634 479 719 persolvenda.
526 633 643 711 Vobis,
662 633 843 718 siquidem,
859 633 1042 717 pecuniam
1059 639 1215 698 nostram
1233 632 1405 697 commisi·

243 748 331 804 mus,
352 732 386 790 et
406 746 482 790 eam
501 746 562 810 per
580 745 704 790 manus
723 731 856 790 vestras
874 726 1035 790 volumus
1054 725 1195 809 erogari.
1243 725 1405 790 Ceterum

80 841 207 881 nestore
243 820 333 884 circa
351 818 493 902 negocia
512 824 631 882 nostra
650 817 867 901 procuranda
886 817 1066 901 diligenter
1085 823 1120 881 et
1140 816 1406 901 circumspecius

79 904 132 941 very
142 892 219 940 crafty,
246 912 251 922 ·

79 953 103 981 as
113 943 150 981 ue
243 910 410 976 1nsistatis
426 933 433 987 ;
464 910 685 975 attendentes
701 909 795 994 quod
810 909 972 974 subdolos
988 909 1201 974 adversarios
1216 909 1354 973 habetis
1369 909 1406 972 in

79 993 205 1082 ilssffiar
243 1003 345 1067 Curia
376 1009 410 1066 et
442 1001 590 1078 fallaces,
623 1022 771 1085 quorum
802 1002 964 1066 versuciis
996 1001 1136 1066 obviare
1167 1001 1338 1065 studeatis
1370 1007 1406 1065 et

80 1092 230 1182 {flgfffflssftff
243 1095 381 1160 caucius
403 1114 596 1178 precavere,
614 1113 735 1158 nevos
758 1093 932 1177 decipiant
955 1093 990 1157 in
1008 1093 1114 1158 vestri
1136 1093 1348 1177 vituperium
1372 1098 1408 1157 et

242 1187 352 1251 nostri
382 1186 610 1270 dispendium,
642 1185 736 1270 quod
765 1185 943 1250 nollemus.
990 1185 1120 1250 Littere
1150 1184 1408 1249 recommenda-

244 1280 334 1357 ticie,
356 1299 443 1361 quas
464 1277 695 1342 cardinalibus
715 1277 903 1362 dirigimus,
925 1298 986 1362 per
1000 1297 1063 1342 vos
1079 1284 1114 1342 et
1134 1277 1339 1361 magistrum
1362 1277 1406 1342 R.

244 1371 375 1455 singule
393 1370 535 1454 singulis
553 1370 783 1454 porrigantur,
804 1370 930 1454 quibus
948 1390 1011 1454 pro
1030 1369 1178 1454 negociis
1196 1369 1323 1435 nostris
1342 1390 1407 1433 vos

244 1462 459 1528 familiariter
480 1462 683 1539 ostendatis,
707 1468 742 1526 et
763 1462 943 1546 presertim
966 1462 1114 1527 dominis
1136 1462 1181 1526 H.
1206 1461 1252 1545 J,
1275 1468 1311 1526 et
1333 1461 1406 1539 A.,1

245 1555 407 1640 quociens
442 1561 599 1638 tempora
633 1554 788 1619 videritis
822 1560 1005 1638 oportuna,
1041 1554 1127 1618 adeo
1161 1554 1256 1638 quod
1289 1560 1408 1619 vestra

245 1647 433 1732 prudencia
459 1646 558 1710 nobis
585 1648 779 1710 relevamen
806 1646 940 1724 afferat,
968 1653 1004 1711 et
1030 1646 1130 1710 vobis
1157 1653 1337 1711 teneamur
1364 1666 1407 1709 ex

246 1740 369 1804 merito
392 1738 437 1802 ad
459 1739 641 1803 commoda
662 1738 852 1822 repensiva.
899 1738 954 1802 Ad
976 1739 1049 1816 hec,
1073 1738 1155 1822 quia
1177 1738 1337 1802 dominus
1360 1737 1406 1802 H.

246 1831 428 1897 cardinalis
457 1831 638 1915 scripserat
667 1831 766 1896 nobis
794 1831 888 1915 quod
916 1830 1102 1895 videbatur
1129 1831 1194 1895 sibi
1222 1830 1409 1914 expediens

83 1953 210 2010 immpro-
246 1923 517 1988 controversiam
542 1923 632 1987 inter
657 1923 834 1988 ecclesiam
859 1923 1112 1987 Eboracensem
1137 1929 1173 1987 et
1198 1922 1409 1987 Dunelmen-

83 2013 196 2102 fflgssfflffl
212 2051 233 2089 ᾗ,
247 2036 319 2081 sem
340 2036 401 2100 per
421 2015 516 2079 viam
537 2015 773 2099 compromissi
794 2014 943 2079 finaliter
964 2015 1151 2092 terminari,
1174 2014 1410 2099 rescripsimus

83 2102 227 2202 mnam
247 2108 358 2172 eidem
384 2108 474 2171 inter
499 2114 623 2184 cetera,
650 2107 755 2191 quod,
781 2107 810 2171 si
835 2107 878 2171 de
903 2107 1046 2190 capituli
1071 2106 1180 2172 nostri
1206 2107 1426 2191 processerit

248 2220 398 2276 assensu,
416 2205 451 2263 et
466 2199 532 2263 viri
547 2199 672 2276 idonei,
689 2219 888 2264 communes
904 2199 1016 2277 amici,
1033 2199 1253 2284 recipiantur,
1270 2199 1306 2263 in
1321 2218 1410 2282 quos

247 2293 363 2357 valeat
387 2291 633 2376 compromitti,
658 2291 809 2376 placebit
832 2291 941 2368 nobis
967 2298 1139 2375 quantum
1162 2292 1198 2355 in
1221 2291 1320 2356 nobis
1344 2296 1408 2368 est,

245 2385 463 2469 questionem
488 2384 688 2467 hujusmodi
712 2384 761 2448 sic
785 2383 900 2467 sopiri.
947 2383 1219 2467 Verumptamen
1245 2383 1411 2448 delibera-

245 2476 371 2554 bimus,
388 2484 423 2540 et
439 2476 533 2560 quod
551 2475 726 2540 videbitur
744 2475 843 2539 nobis
862 2475 946 2540 alias
965 2476 1156 2541 consulcius
1175 2475 1410 2552 rescribemus,

248 2576 282 2633 et
299 2589 373 2646 vm,
391 2589 460 2652 quo
477 2566 549 2631 zelo
565 2568 628 2632 hec
645 2567 847 2632 audiveritis
862 2568 1049 2652 procurari,
1066 2568 1166 2632 nobis
1182 2588 1289 2652 quarn
1305 2567 1411 2632 cicius

83 1801 120 1841 Fo.
133 1801 178 1840 152.

248 2662 396 2726 facultas
425 2680 461 2724 se
491 2659 656 2724 obtulerit
686 2659 890 2724 rescribatis.
938 2660 1088 2724 Litteras
1118 2660 1320 2725 Tusculani2
1349 2679 1411 2744 per

248 2753 452 2837 magistrum
464 2752 634 2816 Thomam
647 2752 689 2816 de
701 2752 911 2836 Corbrigge,³
924 2758 1066 2837 propter
1077 2771 1220 2837 persone
1232 2752 1409 2829 noticiam,

249 2845 360 2909 eidem
384 2844 510 2928 porrigi
535 2844 695 2921 volumus
720 2850 755 2908 et
779 2844 996 2910 mandamus.
1043 2843 1079 2909 Si
1103 2865 1207 2910 causa
1231 2850 1351 2909 nostra
1375 2843 1410 2907 in

249 2936 374 3021 Anglia
397 2936 521 3000 debeat
545 2936 678 3020 agitari,
702 2936 892 3020 procuretis
914 2937 1026 3001 modis
1049 2936 1209 3002 omnibus
1231 2936 1325 3021 quod
1348 2936 1412 3000 hec

251 3029 415 3113 rescripto
444 3029 598 3092 clausula
627 3028 807 3106 adiciatur,
838 3028 1009 3105 videlicet,
1038 3028 1132 3113 quod
1159 3029 1248 3093 infra
1277 3034 1411 3092 certum

251 3127 389 3205 tempus
409 3121 589 3197 instructa,
611 3120 667 3184 vel
685 3141 755 3184 non
775 3120 956 3199 instructa,
977 3120 1022 3184 ad
1043 3121 1180 3185 Curiam
1200 3121 1411 3185 remittatur.

251 3213 384 3277 Datum
398 3220 439 3277 ut
453 3232 558 3296 supra
572 3212 607 3276 in
622 3212 690 3276 alia
703 3212 830 3277 littera.

86 3364 215 3404 nearchi.
295 3330 370 3414 486.
418 3329 487 3395 Suo
502 3330 667 3414 magistro
684 3329 725 3394 R.
743 3330 786 3394 de
801 3330 1032 3396 Tadecastria.
1067 3330 1257 3396 Sollicitam
1272 3330 1413 3415 diligen-

87 3416 200 3504 fflfff‘
251 3423 1042 3507 ciamquamcircanegocianostraprocuranda
1051 3444 1113 3489 vos
1124 3444 1158 3487 re
1171 3423 1414 3506 ipsaadhibere

87 3516 118 3554 T²
134 3520 209 3554 aaa.
251 3515 495 3600 perpendimus
510 3515 631 3579 intime
646 3515 939 3592 commendantes
956 3536 1116 3600 rogamus
1131 3516 1296 3600 quatinus
1311 3515 1414 3579 solita

87 3665 118 3706 FO
135 3664 176 3704 m
252 3606 528 3693 promptitudine
549 3627 700 3671 unacum
722 3607 887 3692 magistro
912 3607 965 3672 W.
985 3607 1028 3671 de
1047 3608 1252 3692 Bolingtone
1270 3607 1415 3671 viriliter

120 3695 125 3706 ’
179 3695 183 3704 “
252 3700 378 3764 nostris
396 3699 586 3763 commodis
603 3698 781 3777 insistatis,
800 3699 963 3765 subdolas
981 3700 1243 3764 adversancium
1261 3699 1414 3764 cautelas

253 3791 534 3876 circumspeccius
558 3797 792 3874 precaventes,
809 3812 852 3856 ne
868 3812 931 3856 vos
947 3791 1122 3876 decipiant
1142 3792 1336 3876 aliqualiter
1358 3791 1415 3855 vel

252 3883 411 3961 illudant,
434 3889 469 3947 et
490 3904 553 3947 nos
574 3883 619 3946 ad
640 3884 747 3948 vestri
768 3884 989 3948 commodum
1006 3884 1163 3949 effective
1182 3884 1413 3968 vigilabimuS,

252 3976 402 4040 Domino
419 3975 638 4052 concedente,
656 3976 869 4059 temporibus
885 3977 1075 4060 oportunis.
1122 3976 1282 4040 Ceterum
1298 3975 1415 4040 scribi-

252 4089 330 4134 mus
349 4068 515 4152 magistro
535 4067 587 4132 W.
610 4067 652 4131 de
673 4068 878 4152 Bolingtone
898 4068 992 4152 quod
1012 4069 1205 4152 pecuniam,
1226 4088 1332 4153 quam
1352 4087 1415 4152 pro

286 4220 452 4283 ¹Probably
483 4220 568 4283 Hugh
600 4220 629 4268 ot
660 4220 808 4278 Evesham,
893 4219 1158 4278 ⁹OrdoniusAlurz,
1173 4221 1272 4284 bishop
1285 4219 1417 4282 otBraga

254 4288 379 4336 cardinal
409 4287 438 4334 ot
469 4287 495 4336 S.
510 4287 634 4335 Lorenzo
647 4287 676 4334 in
694 4288 808 4345 Lucina,
862 4288 890 4335 in
905 4288 1045 4350 Portugal,
1055 4288 1166 4336 created
1180 4288 1303 4337 cardinal
1316 4287 1417 4350 bishop

255 4355 290 4417 J.,
324 4354 449 4403 cardinal
481 4353 510 4401 ot
548 4353 593 4402 SS.
626 4353 727 4403 Cosma
753 4355 809 4402 and
862 4355 891 4402 of
902 4353 1061 4413 Tusculum,
1077 4369 1139 4403 now
1152 4355 1284 4412 Frascati,
1299 4353 1415 4410 in1278,

256 4422 403 4478 Damiano,
431 4421 486 4468 and
512 4422 609 4479 Ancer,
636 4421 759 4469 cardinal
784 4421 813 4469 ot
865 4422 928 4469 died
941 4422 970 4469 in
985 4421 1060 4470 1285.

255 4488 307 4537 Sta
321 4488 462 4536 Ptassede.
899 4486 1104 4551 ³Correbrigge,
1143 4488 1191 4538 Fo.
1208 4488 1266 4537 1⁵2.
