2994 4996
234 456 294 519 214
342 456 408 502 THE
430 456 594 503 REGISTER
615 457 657 501 OF
678 457 889 503 ARCHBISHOP
911 456 1059 502 WILLIAM
1080 456 1281 502 WICKWANE.

233 610 371 676 cacione
386 610 495 688 vobis,
512 631 573 695 per
588 597 818 676 ostensionem
848 610 1002 675 debitam
1017 611 1138 695 prioris
1154 611 1196 674 de
1212 610 1389 688 Brettone,
1470 677 1478 691 ,

233 703 434 768 exhibitoris
471 703 695 788 presencium,
730 702 983 767 racionabiliter
1017 709 1052 768 et
1086 703 1150 768 rite
1184 702 1389 780 constiterit,

233 795 369 860 faciatis
384 816 446 879 pro
462 795 767 860 excommunicatis
782 795 918 879 publice
933 795 1099 873 nunciari,
1115 795 1180 860 nisi
1196 795 1239 858 de
1255 795 1390 860 absolu-

233 887 329 952 cione
356 909 419 952 sua
445 887 509 952 sub
536 887 635 955 celeri
661 887 808 952 termino
835 887 982 952 doceant
1009 887 1196 952 evidenter.
1242 888 1297 951 Ex
1324 888 1390 951 hoc

232 979 380 1063 colligite
404 979 498 1064 quod
513 999 517 1005 ·
535 1000 637 1064 super
660 979 798 1045 secretis
822 999 889 1064 que
912 979 1065 1064 pendent
1089 979 1208 1045 venari
1231 979 1390 1064 poteritis

232 1092 380 1155 apciora.

69 1221 103 1260 A„
119 1232 203 1261 emm.
276 1203 350 1270 515.
398 1189 505 1253 Nonis
535 1187 653 1253 Marcii
683 1188 814 1271 (March
842 1206 875 1274 7,
907 1189 1052 1271 1280-1).
1098 1189 1271 1274 Wyltone.
1318 1188 1388 1254 Suo

68 1272 193 1370 ζζξξῗξῗξ
232 1281 377 1345 officiali.
424 1280 620 1364 Johannem
642 1281 684 1345 de
704 1280 904 1358 Welaunde,
927 1281 962 1345 in
983 1282 1185 1365 visitacione
1205 1288 1325 1347 nostra
1339 1276 1388 1345 'de

68 1372 163 1462 {23³5}ssss
173 1384 201 1412 ³1¹
231 1373 328 1437 Drax
354 1373 438 1437 alias
466 1373 803 1438 excommunicatum
820 1374 1032 1458 reperimus,
1057 1378 1091 1437 et
1118 1394 1180 1458 pro
1208 1374 1270 1439 tali
1296 1394 1388 1438 nunc

231 1465 489 1543 denunciamus,
503 1466 592 1530 sicut
604 1465 698 1530 scitis
714 1488 721 1543 ;
748 1465 838 1530 unde
851 1466 887 1529 in
899 1465 1079 1544 instancia,
1094 1486 1200 1550 quam
1213 1466 1387 1531 ordinavit

231 1578 346 1622 coram
362 1558 462 1622 vobis
478 1564 599 1622 contra
614 1558 762 1641 priorem
778 1557 821 1621 de
837 1558 933 1622 Drax
949 1579 1051 1641 super
1067 1559 1219 1642 quodam
1235 1558 1387 1624 corredio

231 1650 325 1734 quod
346 1649 411 1714 sibi
433 1650 684 1728 interdiximus
708 1671 787 1714 eum
808 1650 920 1714 modis
942 1650 1112 1728 omnibus,
1135 1671 1178 1715 ex
1200 1651 1310 1716 officio
1333 1650 1388 1715 vel

230 1742 339 1819 aliter,
353 1742 398 1806 ab
411 1742 553 1826 agend0,
567 1742 655 1807 sicut
671 1742 839 1827 poteritis,
853 1743 1025 1827 repellatis
1037 1765 1044 1821 ;
1071 1743 1166 1827 quod
1192 1743 1389 1808 nullatenus

230 1834 424 1899 omittatur.
1166 1836 1167 1839 ’

66 1976 183 2018 visitatas
273 1950 348 2032 516.
396 1970 435 2015 11
464 1950 532 2015 kal.
562 1951 643 2015 Maii
672 1951 782 2036 (April
809 1954 877 2034 21),
907 1951 1002 2017 1281.
1051 1951 1270 2037 Rybecestre.
1317 1952 1386 2018 Suo

67 2032 92 2068 ³²
110 2029 216 2072 ΒΜ
229 2043 374 2108 officiali.
421 2043 477 2107 Ad
490 2043 788 2128 persuadendum,
814 2043 1050 2122 inhibendum,
1077 2050 1112 2109 et
1136 2043 1386 2130 injungendum

229 2135 416 2201 venerabili
437 2136 547 2214 fratri,
570 2135 710 2200 domino
732 2136 956 2201 Dunelmensi
977 2136 1147 2221 episcopo,
1170 2158 1213 2201 ne
1236 2136 1385 2202 officium

228 2228 439 2292 visitacionis
457 2234 491 2292 et
508 2228 729 2293 correccionis
745 2234 861 2293 nostre
878 2229 913 2292 in
931 2228 1080 2293 crastino
1098 2229 1199 2293 Beati
1216 2228 1388 2312 Johannis
1437 2306 1438 2309 Ἴ

230 2319 388 2404 Baptiste
415 2320 519 2402 (June
545 2324 613 2402 25),
629 2319 699 2385 'seu
728 2320 881 2385 edictum
915 2327 1073 2386 nostrum
1104 2321 1384 2406 peremptorium,

228 2433 287 2476 seu
304 2412 596 2497 premunicionem
613 2412 780 2496 precisum
798 2412 840 2476 de
857 2412 1031 2477 visitando
1062 2412 1191 2477 ibidem
1208 2414 1244 2478 in
1261 2413 1385 2498 capite,

228 2511 263 2568 et
286 2505 322 2568 in
343 2504 505 2569 membris
527 2510 561 2568 et
582 2504 740 2583 subditis,
767 2504 985 2588 aliquatenus
1012 2505 1154 2589 effugiat
1176 2505 1232 2570 vel
1253 2506 1384 2584 evitet;

228 2597 327 2661 vobis
357 2604 475 2661 tenore
504 2597 728 2680 presencium,
759 2597 824 2661 sub
852 2597 1127 2681 quibuscumque
1156 2598 1263 2682 penis,
1294 2618 1385 2662 com-

227 2689 488 2766 minacionibus,
512 2695 548 2753 et
570 2689 730 2765 censuris,
754 2695 858 2773 prout
880 2689 954 2753 Deo
978 2684 1139 2755 videbitis
1162 2690 1384 2774 complacere,

227 2781 326 2864 plene
341 2787 376 2846 et
391 2782 560 2865 complete
575 2781 825 2846 committimus
840 2781 932 2846 vices
946 2788 1093 2847 nostras.

64 2885 196 2977 fflssghe
271 2900 346 2969 517.
393 2900 537 2966 5n0nas
552 2885 634 2949 Maii
649 2885 744 2969 (May
759 2903 790 2966 3,
809 2885 918 2968 1281).
964 2885 1105 2951 Fumes.
1152 2886 1221 2952 Suo
1237 2886 1383 2951 officiali.

63 2987 206 3077 ffidfflfffld
227 2978 496 3061 Expedicionem
516 2977 672 3062 magistri
692 2977 822 3041 Thome
843 2978 885 3042 de
906 2977 1132 3056 Grimestone,
1154 2979 1384 3044 archidiaconi

116 3049 192 3078 ‘vm
209 3069 335 3134 'nostri
367 3069 598 3154 Clyvelandie,
631 3090 711 3154 erga
743 3070 934 3154 capitulum
966 3076 1124 3136 nostrum
1156 3071 1382 3149 Eboracense,

225 3181 369 3246 proquo
382 3162 473 3226 idem
485 3162 599 3246 sepius
611 3162 663 3227 sui
675 3161 789 3246 gracia
801 3162 931 3226 tediose
943 3162 1064 3247 vigilat
1077 3169 1112 3228 et
1123 3162 1270 3241 laborat,
1284 3162 1383 3228 vobis

226 3254 544 3319 recommendamus
563 3254 598 3318 in
618 3254 772 3332 intimis3
812 3254 967 3319 volentes
986 3255 1081 3339 quod
1101 3255 1329 3320 obvenciones
1349 3261 1384 3319 et

226 3347 350 3424 exituS,
378 3367 398 3410 a
424 3353 578 3431 tempore
604 3346 798 3411 collacionis
824 3352 951 3424 nostre,
978 3347 1108 3432 integre
1134 3347 1312 3432 percipiat,
1340 3347 1384 3411 ad

226 3439 544 3503 archidiaconatum
559 3438 770 3523 pertinentes
786 3461 793 3516 ;
823 3459 896 3515 vos,
913 3439 1032 3516 eciam,
1049 3438 1114 3504 sibi
1129 3446 1164 3504 et
1179 3439 1249 3505 suis
1264 3439 1385 3504 efficax

219 3530 260 3596 'et
283 3537 494 3615 oportunum
516 3530 706 3609 consilium,
730 3551 809 3595 cum
831 3531 1051 3616 indiguerint,
1075 3531 1294 3616 impendatis.

61 3651 167 3692 Letterof
269 3635 343 3716 518.
393 3635 433 3700 16
469 3635 537 3699 kal.
575 3634 671 3718 Junii
709 3636 804 3720 (May
842 3652 893 3719 17,
933 3635 1042 3718 1281).
1090 3635 1266 3721 Homeby.
1314 3635 1383 3701 Suo

60 3714 143 3743 remon·

60 3757 178 3813 siranoeio
224 3728 369 3792 officiali.
417 3727 611 3793 Thesaurus
633 3734 668 3792 et
690 3727 849 3792 bravium
871 3733 1029 3792 nostrum
1051 3735 1143 3806 sunt,
1167 3727 1255 3793 sicut
1277 3729 1383 3806 scitiS,

60 3803 184 3893 ξῗῗῐῗξκω
223 3821 318 3884 fama
335 3825 455 3884 nostra
472 3826 508 3883 et
527 3820 738 3884 consciencia
755 3825 835 3903 post
852 3820 942 3884 hanc
959 3820 1093 3898 vitam;
1130 3820 1384 3904 quodquidam

58 3905 195 3995 ffifiven
223 3912 347 3989 miseri,
375 3912 496 3976 misere
523 3911 623 3976 nobis
649 3911 896 3989 ministrantes,
924 3911 994 3977 suis
1020 3912 1167 3996 propriis
1194 3912 1383 3977 commodis

223 4005 405 4081 inhiantes,
420 4025 489 4068 non
504 4009 678 4068 avertunt.
716 4004 815 4080 Ecce,
831 4003 945 4087 igitur,
957 4003 1173 4088 presentibus
1186 4003 1382 4082 interclusa,

222 4117 289 4180 que
322 4097 452 4161 famam
488 4102 643 4161 nostram
675 4095 945 4160 lamentabiliter
976 4096 1129 4161 lacerant
1163 4102 1197 4161 et
1231 4097 1383 4160 animam

222 4195 413 4273 aggravant
440 4188 488 4253 sic
515 4188 704 4265 scribentis
733 4187 804 4265 sed,
832 4206 892 4272 pre
919 4187 1061 4272 pigricia
1081 4189 1254 4272 majorum
1281 4189 1380 4254 nobis

221 4281 489 4358 intendencium,
508 4301 571 4345 nos
590 4280 701 4346 solum
720 4280 783 4345 soli
802 4280 875 4344 Deo
895 4280 1145 4345 committimus
1164 4301 1207 4345 ne
1226 4301 1377 4346 ruamus

220 4373 343 4438 Nonne
358 4373 449 4437 enim
463 4379 583 4440 nostra
597 4373 712 4457 regitis
727 4372 878 4457 negocia,
894 4378 930 4437 et
944 4392 1078 4457 semper
1092 4372 1241 4457 deprope
1256 4378 1381 4439 contra

219 4466 411 4558 maliciosus
444 4471 479 4530 et
509 4465 661 4530 malicias
691 4464 860 4544 militatis,
886 4471 921 4530 et
945 4469 1000 4530 tot
1024 4464 1163 4530 sinistra
1186 4465 1252 4531 sub
1280 4471 1383 4531 tanta
