2994 4996
222 493 288 538 THE
311 493 474 540 REGISTER
495 492 537 539 OF
558 489 770 537 ARCHBISHOP
791 487 939 535 WILLIAM
961 486 1162 535 WICKWANE.
1212 488 1271 552 215

113 646 273 730 segnicie1
306 645 511 712 sustinetis?
559 640 682 709 Nonne
722 642 793 708 duo
832 641 912 727 equi
952 661 1039 728 eque
1077 642 1270 710 sufficerent

114 737 260 816 officiali,
284 740 378 823 apud
411 757 664 824 quemcumque
696 734 898 820 hospitanti,
921 734 1011 800 sicut
1043 755 1178 821 semper
1198 735 1271 802 fieri
1284 751 1408 812 Theman

118 831 322 896 consuevit?
370 831 437 896 Sed
459 851 562 909 nunc,
586 830 676 895 sicut
699 827 952 912 perpendimus,
977 826 1022 892 ad
1044 827 1271 894 miserimam2
1284 805 1428 893 {titiittd

116 941 267 987 mensam
307 923 534 988 mendicantis
574 919 782 986 innumerosi
821 924 996 997 corruunt,
1036 919 1125 985 sicut
1165 901 1410 1043 001·νίὦῖἶὲρῖ

1391 1014 1407 1055 r

117 1011 338 1093 Amoveatur,
370 1016 485 1100 igitur,
518 1014 706 1100 apparitor,
738 1017 942 1097 preparatus
973 1010 1018 1076 ad
1048 1011 1202 1097 predam,
1235 1019 1270 1078 et
1285 1003 1388 1094 {ssssmmffi

118 1108 329 1190 compleatur
343 1109 417 1192 ejus
432 1107 581 1172 officium
596 1126 657 1191 per
670 1105 850 1182 decanum,
866 1104 955 1169 sicut
970 1103 1088 1169 extitit
1103 1105 1271 1171 hactenus
1284 1102 1346 1146 Μ

119 1197 347 1264 observatum.
405 1200 513 1277 Idem,
554 1199 674 1277 eciam,
724 1196 874 1261 decanus
923 1195 959 1260 in
998 1216 1061 1261 suo
1113 1195 1271 1263 decetero

118 1288 286 1357 decanatu
321 1293 366 1357 sit
401 1292 473 1358 sine
500 1291 623 1376 quavis
650 1291 781 1375 injusta
807 1288 933 1354 sevicia
964 1294 1208 1373 sequestrator,
1235 1296 1272 1356 et

118 1384 332 1464 superfluitas
355 1385 590 1449 ministrorum
613 1381 768 1447 indebita
790 1380 943 1467 undique
965 1380 1081 1446 debite
1104 1381 1270 1462 deleatur,

119 1494 161 1536 ne
181 1475 384 1561 improperia
404 1476 563 1560 deinceps
582 1474 647 1541 sub
667 1472 836 1538 inchoatis
856 1471 957 1538 tediis
976 1473 1179 1567 abbrevient
1199 1473 1271 1540 dies

118 1572 260 1633 nostros.
307 1569 365 1647 Et,
386 1589 448 1652 pro
468 1588 583 1633 amore
604 1565 774 1644 Crucifixi,
794 1570 949 1631 nostram
968 1585 1092 1651 puram
1111 1566 1272 1633 volunta·

118 1664 189 1722 tem
202 1668 237 1725 et
253 1662 469 1746 propositum
484 1659 685 1746 propensius
701 1657 908 1743 ponderetis,
925 1657 1007 1742 quia
1025 1657 1183 1725 inmunes
1201 1679 1271 1725 non

118 1750 219 1830 eritis,
242 1753 270 1818 si
291 1755 385 1818 lama
406 1759 525 1819 nostra
545 1753 580 1816 in
601 1751 781 1816 infamiam
802 1756 1034 1816 convertatur.
1081 1751 1134 1815 De
1153 1751 1271 1818 littera

117 1849 240 1922 vestra,
258 1845 474 1929 presentibus
493 1845 688 1922 interclusa,
705 1842 870 1928 gaudium
885 1862 956 1908 non
971 1842 1193 1928 concipimus,
1210 1844 1270 1910 sed

116 1937 266 2001 merendi
282 1938 474 2015 materiam,
492 1937 558 2003 nisi
573 1941 692 2003 cesset.

160 2039 319 2107 Officialis
337 2042 428 2107 curie
445 2041 681 2120 EboracensiS,
700 2040 900 2119 rectoribus,
918 2039 1064 2120 vicariis
1083 2060 1145 2126 per
1161 2062 1270 2107 arem-
1283 2062 1354 2103 rona
1364 2061 1413 2108 aaa.

117 2132 337 2199 diaconatum
359 2135 555 2219 Estridinge
578 2133 787 2211 constitutis,
816 2132 975 2210 salutem,
995 2138 1060 2198 etc.
1107 2133 1269 2200 Presente
1284 2112 1344 2155 ¹⁶⁸&

116 2245 222 2309 nuper
232 2227 372 2291 domino
384 2234 502 2293 nostro
512 2227 547 2291 in
557 2226 709 2311 capitulo
719 2225 938 2304 Eboracensi,
944 2245 1006 2310 per
1015 2225 1129 2310 ipsum
1141 2246 1182 2291 ac
1193 2247 1269 2312 pre·
1282 2263 1391 2306 Nm„

116 2317 226 2382 iatum
239 2319 430 2402 capitulum
442 2319 584 2404 provide
595 2319 708 2383 fuerat
720 2317 918 2382 ordinatum
931 2317 1036 2402 quod,
1050 2317 1096 2383 ad
1107 2337 1268 2384 exonera·
1283 2315 1340 2356 “¹⁸³
1385 2314 1390 2324 ’
1408 2316 1427 2355 ²·

116 2409 246 2474 cionem
256 2411 464 2476 decanomm
478 2432 519 2476 ac
530 2410 748 2476 sacerdotum
760 2408 1018 2494 parochialium,
1029 2409 1270 2477 ordinarentur
1282 2369 1360 2456 33¹3ss
1366 2365 1426 2458 itm

115 2521 312 2567 communes
342 2503 538 2581 servientes,
570 2523 632 2587 pro
663 2501 887 2568 citacionibus
910 2498 1075 2567 iaciendis
1094 2501 1130 2566 in
1161 2465 1406 2607 archi-{Emi

115 2592 353 2660 diaconalibus
380 2596 653 2680 quibuscumque
676 2593 819 2659 diocesis
842 2593 1077 2673 Eboracensis,
1101 2593 1130 2660 si
1153 2594 1269 2661 forsan
1281 2577 1424 2668 sajfflm

115 2686 300 2752 servientes
335 2687 534 2772 hujusmodi
570 2693 674 2753 antea
708 2707 778 2751 non
814 2685 959 2752 fuissent
994 2685 1155 2752 ordinati.
1201 2686 1269 2773 Qui
1345 2746 1350 2755 ,

114 2778 253 2860 quidem
274 2780 459 2844 servientes
479 2780 515 2844 in
536 2779 676 2864 singulis
694 2778 903 2844 consistoriis
921 2777 1013 2844 curie
1031 2778 1268 2859 EboracensiS,

114 2869 168 2933 die
194 2872 395 2950 consistorii,
423 2871 670 2937 archidiaconis
694 2870 893 2956 hujusmodi
918 2891 981 2956 pro
1006 2870 1269 2938 execucionibus

114 2962 277 3028 faciendis
300 2985 340 3028 ac
361 2964 535 3029 mandatis
557 2963 683 3029 nostris
704 2962 916 3048 recipiendia,
939 2983 980 3029 ac
1001 2962 1044 3028 de
1065 2962 1205 3043 eisdem,
1226 2970 1268 3031 ut

113 3056 285 3133 convenit,
307 3057 542 3135 cerciorandis,
564 3077 600 3122 se
619 3060 828 3140 presentent.
875 3054 987 3134 Unde,
1008 3075 1088 3122 cum
1108 3055 1268 3123 dominus

113 3145 265 3212 officialis
292 3154 406 3213 vester
433 3149 546 3213 Adam
574 3148 617 3212 de
643 3147 804 3226 Amhale,
832 3146 1038 3227 litteratum,
1066 3168 1129 3234 pro
1156 3147 1268 3215 officio
1366 3144 1370 3153 ’

112 3238 321 3322 hujusmodi,
365 3247 406 3305 ut
450 3241 629 3319 credimus,
673 3245 939 3325 competentem,
982 3239 1019 3305 in
1060 3239 1268 3307 servientem

112 3338 266 3395 vestrum
305 3333 491 3410 admiserit,
530 3339 565 3398 et
603 3332 770 3398 creaverit
807 3331 961 3417 provide,
999 3338 1041 3398 ut
1062 3352 1266 3421 speramus,

112 3424 282 3502 volumus,
315 3446 355 3489 ac
385 3425 636 3503 nichilominus,
667 3425 704 3490 in
735 3424 865 3490 virtute
896 3423 1092 3491 obediencie
1122 3424 1267 3491 firmiter

111 3514 332 3600 injungendo,
354 3517 560 3583 mandamus
581 3517 745 3602 quatinus
766 3516 914 3581 eundern
934 3517 988 3596 A,
1010 3516 1266 3606 recommenda-

112 3613 188 3670 tum
216 3609 261 3671 ob
289 3610 519 3675 reverenciam
547 3608 677 3674 domini
704 3609 813 3675 nostri
841 3615 876 3674 et
903 3614 1058 3675 nostram
1085 3608 1264 3690 habentes,

113 3700 269 3777 eundem,
291 3722 370 3765 curn
390 3702 435 3766 ad
453 3723 516 3768 vos
535 3701 758 3767 declinaverit
776 3722 840 3786 pro
858 3700 960 3766 officii
978 3700 1031 3767 sui
1050 3701 1265 3782 execucione,

111 3790 296 3857 liberaliter
311 3793 507 3860 admittatis
523 3800 558 3859 et
574 3793 731 3859 tractetis
746 3792 929 3872 curialiter,
945 3798 1050 3878 prout
1065 3792 1187 3874 decet;
1217 3793 1267 3861 sic

112 3904 174 3947 vos
197 3885 364 3950 habentes
387 3886 422 3950 in
446 3886 617 3970 premissis
640 3885 746 3970 quod,
770 3905 849 3951 cum
872 3884 917 3950 ad
940 3905 1003 3951 vos
1025 3906 1089 3971 pro
1111 3891 1266 3971 tempore

112 3977 255 4054 venerit,
284 3978 326 4041 de
353 3978 452 4044 vobis
479 3999 514 4044 se
541 3976 781 4044 commendare
808 3976 944 4056 debeat,
964 3983 1008 4057 ,et
1033 3976 1134 4044 vobis
1160 3977 1267 4063 ipsius

112 4069 404 4153 contemplacione
423 4071 458 4135 in
477 4071 600 4137 vestris
617 4069 765 4155 negociis
783 4068 1007 4136 favorabilius
1024 4069 1265 4157 astringamur.

113 4159 205 4224 Bene
227 4163 350 4226 valete.

155 4265 253 4345 518n.
303 4285 342 4330 11
373 4266 441 4330 kal.
477 4265 573 4350 Iunii
608 4267 704 4352 (May
734 4284 788 4346 22,
819 4265 929 4350 1281).
974 4266 1150 4334 Wartone.
1195 4264 1266 4335 Suo

112 4356 257 4422 officiali.
305 4358 520 4425 Permittatis
553 4359 792 4426 executoribus
825 4359 1027 4427 testamenti
1058 4358 1190 4427 Th0me
1222 4358 1267 4427 de

147 4511 331 4576 ¹Seyngnicie.
367 4493 416 4563 Fo'.
432 4513 490 4563 168.
751 4512 956 4565 'Miserrimam
991 4511 1065 4565 Ibid.
