2994 4996
284 509 350 553 THE
373 507 535 555 REGISTER
556 508 598 553 OF
619 506 830 553 ARCHBISHOP
851 505 999 552 WILLIAM
1020 504 1220 551 WICKWANE.
1270 504 1330 568 307

171 667 370 752 acquiritur,
389 667 417 731 si
434 665 599 732 ministris
616 666 701 751 ejus,
719 671 755 732 et
771 665 837 731 hiis
853 664 1047 750 specialiter
1062 685 1122 750 qu1
1113 664 1329 751 pontificali
1341 659 1484 751 iffi?

170 760 239 824 sint
261 758 387 862 prediti
409 759 589 844 dignitate,
611 757 801 844 condignus
821 757 932 823 honor
951 756 1152 842 inpenditur
1172 763 1207 823 et
1228 757 1329 823 favor
1341 760 1472 861 {3¹th

170 851 379 916 necessarius
409 851 600 915 exhibetur
648 849 737 915 Sane
767 849 900 915 dudum
931 848 1157 915 Eboracensis
1186 848 1328 916 ecclesia
1341 860 1477 962 agkinshfg,

170 913 1477 1052 per0b1tumbonememoneWalter1Eboracens1sarch1ep1scop1manilii

170 1043 248 1113 etc,
262 1042 430 1120 utsupra,
444 1055 553 1120 usque
567 1033 874 1118 [impendendum]
921 1033 1089 1119 Quocirca
1105 1011 1388 1102 serenitatema
1389 1015 1474 1105 tom

171 1128 298 1214 regiam
334 1148 494 1212 rogamus
527 1133 562 1192 et
592 1127 773 1192 hortamur
817 1132 953 1192 attente
990 1125 1157 1211 quatinus
1201 1125 1327 1212 regalia

170 1220 395 1285 Eboracensis
421 1219 559 1285 ecclesie
583 1218 677 1284 dicto
701 1218 967 1304 archiepiscopo,
992 1217 1109 1283 divine
1132 1218 1327 1304 majestatis

170 1313 311 1389 intuitu,
337 1312 382 1377 ob
406 1311 636 1376 reverenciam
665 1331 804 1396 quoque
830 1317 985 1376 nostram
1006 1316 1042 1377 et
1063 1310 1196 1396 prefate
1217 1309 1325 1389 Sedis,

171 1405 331 1489 assignes,
353 1403 409 1468 vel
430 1404 547 1481 facias,
571 1409 675 1488 prout
696 1402 742 1469 ad
759 1409 794 1468 te
811 1402 973 1488 pertinet,
995 1402 1171 1488 assignari,
1189 1408 1225 1469 et
1242 1401 1327 1469 alias

171 1497 364 1581 predictum
382 1495 675 1581 archiepiscopum
698 1496 829 1560 habens
856 1495 1059 1580 propensius
1081 1494 1326 1561 comendatum

170 1589 205 1652 in
222 1589 382 1654 omnibus
397 1608 464 1673 que
480 1588 663 1666 salubrem,
675 1587 911 1672 tranquillum,
924 1592 959 1652 et
971 1607 1172 1672 prosperum
1188 1586 1326 1654 ecclesie

171 1702 230 1745 sue
262 1687 395 1745 statum
438 1679 635 1765 respiciunt,
677 1679 849 1745 continuis
892 1679 923 1744 ei
972 1678 1112 1744 assistas
1148 1679 1326 1746 favoribus
1455 1741 1457 1745 ,

171 1773 360 1858 oportunis
377 1779 418 1837 ut
429 1773 558 1858 Regem
568 1792 686 1858 regum
698 1777 900 1856 promptum
912 1770 1035 1837 exinde
1045 1770 1110 1836 tibi
1122 1771 1325 1850 constituas,
1486 1795 1490 1802 ·

171 1886 300 1950 nosque
332 1864 607 1950 magnitudinem
641 1870 739 1930 tuam
767 1863 878 1949 dignis
911 1863 947 1929 in
989 1863 1139 1930 Domino
1164 1863 1326 1930 laudibus

171 1958 423 2023 comendemus
468 1957 549 2022 Dat.
569 1956 727 2034 Viterbii,
745 1962 811 2022 etc

213 2049 314 2115 Same
340 2049 421 2114 date
448 2049 517 2114 and
542 2049 649 2133 place
696 2048 861 2114 Mandate
886 2048 976 2113 irom
1001 2048 1061 2113 the
1086 2068 1176 2134 pope
1202 2054 1240 2115 to
1265 2048 1326 2114 the

169 2142 283 2227 clergy
298 2162 318 2206 o
320 2142 408 2206 fthe
423 2141 496 2227 city
511 2140 580 2206 and
596 2140 728 2206 diocese
743 2141 780 2206 of
794 2140 901 2218 York,
917 2140 1162 2227 commanding
1175 2140 1272 2207 them
1287 2146 1326 2206 to

168 2256 239 2319 pay
264 2233 447 2298 obedience
473 2238 511 2298 to
538 2233 597 2297 the
622 2232 839 2317 archbishop
885 2231 968 2298 Also
993 2238 1032 2298 to
1054 2231 1117 2298 the
1142 2232 1264 2318 people
1289 2213 1376 2299 ofF⁰
1356 2215 1422 2256 ⁰⁸⁵·

169 2327 228 2391 the
244 2346 338 2390 same
355 2326 427 2410 city
444 2325 513 2390 and
529 2325 685 2402 diocese;
718 2324 788 2390 and
804 2330 842 2389 to
858 2325 918 2390 the
934 2322 1126 2411 suffragans
1142 2325 1179 2390 oi
1194 2324 1254 2390 the
1270 2344 1326 2391 see

169 2418 334 2483 oiYork.

213 2509 399 2575 Nicholaus
438 2510 628 2593 episcopus
668 2514 747 2586 etc,
786 2507 955 2574 universis
992 2508 1149 2575 vassallis
1187 2508 1326 2576 ecclesie
1339 2542 1474 2587 mm

169 2602 394 2668 Eboracensis
414 2601 572 2678 salutem,
594 2608 658 2666 etc.
706 2600 758 2665 De
778 2600 893 2678 variis,
914 2606 979 2666 etc
1000 2620 1110 2687 usque
1128 2600 1187 2667 ibi.
1234 2593 1456 2687 Quow

170 2694 259 2759 circa
284 2693 501 2759 universitati
527 2699 640 2760 vestre
665 2713 727 2778 per
752 2692 941 2778 apostolica
965 2692 1095 2779 scripta
1119 2692 1422 2760 mandamus⁹⁸¹⁸²¹⁸
1340 2745 1378 2787 u
1385 2746 1466 2789 m

169 2786 344 2871 quatinus,
382 2785 528 2850 eundem
564 2785 858 2871 archiepiscopum
893 2784 1019 2851 devote
1053 2784 1256 2872 recipientes
1290 2791 1326 2853 et
1339 2796 1437 2840 0¹Y0¹k

169 2880 311 2943 honeste
344 2883 546 2956 tractantes,
579 2877 654 2963 ejus
685 2876 880 2943 salubribus
911 2876 1052 2944 monitis
1084 2882 1119 2944 et
1151 2876 1327 2944 mandatis

170 2970 345 3034 humiliter
386 2969 598 3048 intendatis3
642 2976 689 3047 et,
723 2975 918 3054 prestantes
951 2968 983 3034 ei
1015 2968 1194 3037 fidelitatis
1226 2969 1327 3036 solite

168 3063 416 3147 juramentum,
445 3068 610 3127 consueta
637 3061 797 3127 exhibere
825 3060 969 3128 servicia
996 3066 1032 3127 et
1059 3061 1103 3128 de
1128 3061 1264 3147 juribus
1290 3067 1327 3128 et

170 3154 361 3219 redditibus
380 3153 445 3219 sibi
464 3154 590 3219 debitis
609 3153 813 3239 respondere
831 3153 980 3232 curetis;
1017 3153 1069 3219 ita
1086 3153 1182 3240 quod
1199 3153 1272 3239 ipse
1290 3153 1326 3220 in

168 3246 267 3311 vobis
279 3246 366 3311 filios
383 3245 579 3312 devocionis
595 3246 766 3311 invenisse
780 3245 919 3325 letetur,
934 3265 1065 3332 vosque
1081 3244 1118 3311 in
1133 3265 1174 3312 eo
1190 3250 1327 3333 patrem

167 3339 366 3404 benivolum
381 3339 539 3404 habeatis
554 3338 689 3404 assidue
703 3337 896 3423 graciosum
910 3360 918 3417 ;
948 3336 1101 3423 alioquin
1113 3337 1326 3405 sentenciam

165 3432 238 3496 sive
270 3452 406 3516 penam,
430 3451 536 3515 quam
568 3431 640 3516 ipse
671 3429 897 3515 spiritualiter
926 3435 962 3495 et
993 3429 1231 3516 temporaliter
1260 3429 1326 3497 rite
1395 3436 1397 3440 ’

166 3523 284 3589 tulerit
295 3523 350 3587 vel
368 3523 530 3588 statuerit
545 3522 581 3587 in
597 3522 748 3601 rebelles,
761 3528 874 3588 ratam
885 3521 1090 3590 habebimus
1100 3526 1136 3589 et
1146 3522 1323 3602 faciemus,

166 3622 305 3680 auctore
319 3615 479 3692 Domino,
494 3635 602 3699 usque
616 3614 661 3680 ad
673 3614 949 3681 satisfaccionem
960 3613 1167 3702 condignam
1179 3613 1323 3682 inviola-

166 3707 280 3771 biliter
301 3707 485 3772 observari.
532 3708 627 3785 Dat,
649 3713 714 3773 etc.

210 3800 291 3864 Dat.
330 3805 371 3864 ut
407 3820 520 3884 supra.
568 3798 755 3864 Nicholaus
791 3798 982 3884 episcopus,
1019 3804 1098 3879 etc,
1134 3797 1324 3881 venerabili
1334 3795 1488 3899 ,ΨΜ

165 3891 276 3969 tratri,
309 3890 489 3969 Willelm0,
524 3891 778 3977 archiepiscopo
810 3890 1030 3970 Eboracensi,
1062 3889 1222 3971 salutem,
1237 3896 1321 3958 etc.

166 3983 251 4048 Cum
276 3982 419 4067 pallium
443 3983 585 4069 insigne,
610 3982 782 4061 videlicet,
807 3981 1015 4069 pontificalis
1038 3980 1152 4063 officii,
1176 4002 1199 4049 a
1221 3980 1323 4051 nobis
1398 4012 1402 4021 ·

165 4097 244 4140 cum
263 4096 303 4139 ea
321 4096 390 4159 qua
408 4075 524 4140 decuit
541 4075 711 4141 instancia
728 4075 905 4142 humiliter
920 4072 1141 4162 postulasses,
1158 4094 1233 4155 nos,
1250 4074 1323 4143 tuis

165 4167 476 4252 supplicacionibus
499 4173 701 4246 annuentes,
725 4167 850 4253 ipsum,
874 4167 918 4234 de
939 4186 1081 4253 corpore
1103 4166 1205 4234 Beati
1227 4166 1323 4235 Petri

165 4266 355 4344 sumptum,
389 4260 454 4324 tibi
485 4280 546 4344 per
577 4259 742 4325 dilectum
773 4258 883 4326 filium
913 4265 1084 4341 nostrum,
1115 4258 1163 4345 J,
1194 4256 1322 4327 Sancte
1453 4253 1458 4259 ’

165 4352 270 4416 Marie
284 4352 319 4416 in
333 4351 514 4417 Cosmedin
527 4352 724 4436 dyaconum
736 4351 956 4431 cardinalem,
968 4350 1116 4437 prestito
1127 4370 1150 4417 a
1161 4356 1198 4419 te
1208 4350 1322 4431 nobis,

164 4450 283 4509 nostro
311 4450 346 4508 et
373 4443 511 4509 ecclesie
540 4444 696 4509 Romane
722 4442 872 4523 nomine,
899 4442 1079 4511 fidelitatis
1103 4442 1204 4511 solite
1228 4442 1323 4533 jura·

166 4545 295 4616 mento,
313 4536 475 4602 duximus
491 4535 737 4622 assignandum
751 4557 759 4614 ;
792 4541 833 4603 ut
848 4535 908 4602 illo
922 4535 1016 4605 intra
1030 4534 1209 4607 ecelesiam
1223 4541 1324 4607 tuam
1357 4616 1363 4627 ,
