2994 4996
160 477 219 556 298
269 493 335 538 THE
358 492 522 539 REGISTER
543 494 585 539 OF
606 492 819 539 ARCHBISHOP
839 490 988 537 WILLIAM
1009 490 1216 545 WICKWANE.

160 650 359 736 appellavit.
407 651 574 735 Quocirca
590 650 689 716 vobis
714 649 919 728 inhibemus,
945 657 981 715 et
1005 671 1067 736 per
1090 672 1156 717 vos
1180 651 1319 736 quibus-

160 763 307 827 cumque
323 743 563 808 commissariis
578 749 614 808 et
629 742 794 807 ministris
809 742 933 809 vestris
948 742 1094 809 inhiberi
1109 743 1274 811 volumus
1288 749 1320 809 et

160 834 377 912 mandamus,
391 856 444 912 ne,
459 835 631 919 pendente
645 835 680 899 in
694 834 788 899 curia
800 834 1009 900 Eboracensi
1021 837 1161 920 prefata
1174 835 1321 921 appella·

160 926 266 991 cionis
286 948 400 1003 eausa,
422 927 599 992 occasione
619 926 818 1011 hujusmodi
839 926 970 1011 aliquid
990 926 1246 1013 at[t]emptatis
1265 948 1322 993 seu

160 1019 365 1103 attemptari
387 1018 533 1095 faciatis
557 1018 592 1082 in
614 1017 842 1103 prejudicium
864 1017 974 1102 partis
995 1018 1218 1104 appellantis
1241 1040 1322 1105 quo

160 1110 274 1175 minus
304 1110 459 1187 liberam,
491 1118 595 1194 prout
626 1117 678 1175 est
709 1110 777 1194 juri
808 1131 1009 1188 consonum,
1041 1111 1322 1195 prosecucionem

160 1202 402 1287 appellacionis
413 1203 541 1267 habeat
551 1202 730 1286 utriusque
746 1225 753 1279 ;
775 1201 922 1267 citantes
932 1201 1176 1269 nichilominus
1185 1210 1321 1289 partem

160 1289 486 1384 appellatamssquod
504 1299 703 1379 compareat
723 1314 839 1358 coram
863 1293 962 1359 nobis
981 1294 1016 1359 in
1035 1295 1162 1379 majori
1180 1296 1321 1362 ecclesia

159 1386 379 1463 Eboracensi‚
394 1386 448 1450 die
462 1386 607 1451 Sabbati
617 1385 775 1470 proxima
785 1392 866 1450 ante
877 1387 1004 1451 festum
1014 1385 1134 1453 Sancti
1144 1387 1321 1454 Michaelis

160 1478 267 1562 (Sept.
306 1478 373 1560 28),
409 1477 444 1542 in
481 1478 574 1543 dicta
610 1477 853 1562 appellacionis
888 1498 993 1544 causa
1026 1499 1252 1563 processurus
1286 1486 1320 1545 et

87 1591 92 1602 ·
159 1576 358 1655 recepturus
375 1570 469 1654 quod
488 1569 672 1634 dictaverit
689 1569 773 1634 ordo
790 1569 898 1654 juris;
934 1576 969 1635 et
986 1590 1049 1635 vos
1065 1570 1197 1637 ibidem
1215 1571 1320 1638 inter·

0 2015 52 2054 ·rief
62 2015 117 2054 from

0 2065 66 2104 'livet

0 2117 79 2165 utton,

0 2178 29 2226 Ρ·
43 2172 64 2206 ⁰¹

19 2217 89 2264 ncoln,
99 2227 127 2254 on

0 2284 3 2301 ·
20 2267 65 2307 half
75 2267 97 2306 of
108 2266 144 2305 the

10 2318 73 2357 ·ureh
85 2317 108 2356 oi

0 2371 25 2408 ιι.
35 2367 143 2416 Nicholas,

1 2418 3 2424 ’
11 2418 88 2458 incoln.

159 1661 244 1739 sitis,
273 1662 301 1727 si
328 1669 445 1727 vestra
471 1661 627 1727 videritis
654 1661 826 1726 interesse.
874 1661 974 1726 Diem
1001 1683 1083 1727 vero
1111 1663 1321 1749 recepcionis

158 1754 382 1839 presencium,
404 1753 581 1819 citacionis
602 1754 693 1818 facte
714 1754 873 1831 formam,
895 1760 930 1819 et
951 1753 1035 1838 quid
1055 1753 1135 1820 inde
1157 1755 1320 1835 feceritis,

158 1846 281 1911 vestris
295 1846 496 1930 patentibus
510 1844 645 1922 litteris,
660 1845 784 1910 harum
798 1845 920 1910 seriem
933 1845 1204 1926 continentibus,
1220 1848 1321 1915 nobis

158 1938 304 2003 fideliter
323 1938 500 2002 intimetis.

201 2031 275 2114 728.
325 2031 364 2095 18
384 2029 451 2095 kal.
473 2029 556 2113 Julii
577 2030 681 2112 (June
702 2033 768 2112 14),
791 2029 886 2113 1284,
907 2051 998 2095 anno
1016 2044 1048 2112 5.
1095 2030 1317 2117 Lidingtone.

158 2123 325 2199 Oliverus‚
342 2122 563 2206 permissione
580 2121 698 2186 divina
713 2121 959 2187 Lincolniensis
974 2122 1165 2208 episcopus
1183 2124 1320 2191 dilectis

157 2215 192 2279 in
214 2215 349 2279 Christo
370 2213 458 2291 filiis,
480 2213 610 2278 decano
632 2220 667 2278 et
688 2212 840 2297 capitulo
862 2214 999 2278 ecclesie
1019 2221 1136 2280 nostre
1158 2215 1320 2283 Lincoln-

157 2306 268 2384 iensiS,
301 2327 341 2371 ac
372 2305 545 2370 Lincolnie
576 2311 611 2370 et
641 2305 779 2390 Stowye
810 2305 1068 2384 archidiaconis,
1100 2307 1318 2389 officialibus

157 2399 355 2475 rectoribus
386 2397 533 2475 vicariis
565 2403 598 2462 et
629 2396 813 2481 capellanis
843 2398 1029 2463 eorundem
1059 2399 1319 2467 archidiacona-

156 2497 256 2556 tuum
272 2490 450 2566 universis,
466 2490 613 2554 salutem
628 2489 663 2553 in
679 2490 731 2553 Eo
746 2510 767 2553 a
782 2489 858 2573 Quo
873 2490 965 2555 salus
979 2490 1139 2556 omnibus
1153 2493 1318 2577 provenit

156 2591 191 2648 et
218 2589 373 2667 augetur,
400 2603 479 2647 cum
505 2580 619 2666 gracia
645 2588 680 2645 et
706 2581 957 2646 benediccionis
983 2589 1181 2667 augmento
1229 2584 1318 2652 Cum

156 2696 259 2760 supra
273 2675 376 2739 fidem
391 2673 555 2738 devotam
569 2680 604 2737 et
619 2672 726 2737 eciam
740 2693 837 2757 spem
850 2673 1018 2739 invictam
1032 2674 1158 2740 Christi
1171 2676 1317 2743 caritas1

155 2766 375 2852 perfeccionis
385 2765 530 2850 gradum
542 2764 1316 2849 adtriumphigloriamascenderedinoscatur,

155 2880 229 2936 noS,
250 2879 310 2942 pre
330 2857 451 2923 ceteris
471 2856 653 2921 meritoriis
673 2856 829 2922 caritatis
849 2878 953 2942 opera
972 2858 1133 2943 precipue
1153 2861 1316 2928 comend-

156 2958 265 3027 antes,
280 2950 459 3033 (interque
477 2948 783 3025 construccionem,
802 2949 1105 3028 sustentacionem,
1125 2957 1160 3016 et
1179 2972 1317 3038 repara·

156 3042 289 3108 cionem
310 3042 528 3106 ecclesiarum
547 3040 753 3106 Sanctorum
774 3041 849 3118 Dei,
871 3062 950 3106 cum
970 3041 1154 3108 necessitas
1175 3043 1316 3129 ingruit,

156 3141 192 3198 et
210 3133 370 3218 precipue
388 3133 514 3217 quibus
533 3132 717 3197 affeccione
735 3139 881 3217 patema
899 3133 1025 3199 solacio
1043 3154 1113 3219 quo
1131 3155 1316 3219 possumus

156 3224 943 3310 provideretenemur,pietatis2excer[ci]cium
951 3225 1203 3292 nonmodicum
1216 3249 1316 3314 repu·
1392 3256 1395 3265 ·

157 3321 297 3398 tamus)
322 3323 363 3382 ut
385 3337 447 3401 per
471 3316 630 3381 allectiva
654 3315 978 3400 indulgencia[rum]
1000 3338 1145 3383 munera
1170 3319 1316 3386 devotos

158 3409 290 3474 animos
304 3408 476 3493 promcius
492 3408 536 3472 ad
551 3408 682 3492 premia
696 3428 932 3493 provocemus
949 3409 1109 3475 omnibus
1123 3417 1159 3476 et
1173 3411 1315 3498 singulis

157 3508 273 3567 nostre
286 3501 451 3586 dyocesis,
466 3501 508 3564 de
521 3507 741 3585 peccatorum
754 3521 894 3564 suorum
907 3501 1050 3566 maculis
1062 3522 1142 3567 vere
1155 3503 1312 3571 contritis

156 3593 302 3659 fideliter
319 3600 354 3657 et
372 3592 544 3669 confessis,
564 3613 604 3657 ac
622 3591 695 3656 aliis
713 3591 821 3657 eciam
839 3593 1006 3658 universis
1023 3614 1171 3678 quorum
1189 3595 1313 3680 prelati

156 3687 323 3751 hactenus
342 3684 556 3760 indulserint,
574 3683 628 3747 vel
645 3683 679 3747 in
700 3685 856 3749 futurum
875 3684 911 3749 in
926 3685 992 3750 hoc
1010 3691 1130 3751 nostra
1148 3686 1314 3754 beneficia

156 3778 221 3842 sibi
237 3777 381 3862 prosint,
399 3776 459 3861 qui
476 3776 521 3840 ad
537 3775 839 3853 sustentacionem,
857 3797 917 3840 seu
933 3777 1232 3862 propagacionem,
1250 3785 1312 3845 aut

157 3869 410 3955 reparacionem
450 3868 577 3933 fabrice
616 3867 753 3932 ecclesie
792 3868 927 3952 gloriosi
966 3869 1178 3949 confessoris,
1219 3870 1313 3938 beati

157 3961 324 4039 Nicholai,
341 3961 377 4025 in
393 3959 556 4025 suburbio
573 3959 725 4024 civitatis
742 3959 997 4038 Lincolniensis,
1008 3962 1107 4046 cujus
1119 3962 1312 4048 campanile

156 4054 306 4138 ligneum
336 4073 446 4137 nuper
475 4052 561 4136 ignis
591 4051 764 4135 voragine,
796 4072 878 4117 casu
907 4053 1103 4132 miserabili,
1135 4055 1312 4140 campanis

157 4146 285 4223 fractis,
309 4144 475 4229 lapidfela
502 4150 596 4208 strue
622 4143 793 4220 turbata,3
829 4144 984 4209 totaliter
1007 4151 1059 4210 est
1082 4145 1309 4226 destructum,

156 4245 255 4322 grata
285 4237 327 4302 de
357 4237 480 4321 opibus
509 4235 579 4301 suis
609 4235 724 4300 animo
754 4235 881 4300 devoto
911 4236 1119 4304 contulerint
1148 4238 1312 4325 suffragia

189 4379 312 4428 rgamis,
653 4380 656 4385 ’
760 4376 873 4425 certain.
905 4376 964 4426 The
977 4378 1067 4426 words
1079 4377 1219 4442 probably
1231 4392 1312 4429 mean

190 4444 354 4495 uarietatis.
762 4443 845 4490 “The
882 4449 962 4493 stone
995 4444 1177 4494 foundations
1208 4445 1312 4511 having

190 4510 311 4576 ³Clearly
332 4510 452 4566 written,
477 4510 528 4558 but
554 4509 637 4558 Latin
657 4523 707 4558 un·
758 4509 828 4558 been
841 4510 975 4560 shaken.''
