2994 4996
2 662 126 703 Consolida·

4 713 51 753 tion
59 714 83 753 oi
92 714 129 754 the

167 486 227 569 296
275 503 342 549 THE
365 504 528 550 REGISTER
549 505 591 551 OF
612 503 824 551 ARCHBISHOP
844 503 993 550 WILLIAM
1013 502 1221 550 WICKWANE.

212 677 287 747 725.
334 677 353 744 5
376 662 444 728 kal.
468 663 585 728 Marcii
608 663 702 745 (Feb.
727 662 794 744 26),
819 663 950 746 1283-4,
973 683 1063 728 anno
1085 677 1116 744 5.
1165 660 1326 727 Wiltone.

2 754 346 820 umaseandUniversis
369 762 488 820 sancte
512 755 633 820 matris
657 755 795 820 ecclesie
818 755 897 820 tiliis
921 754 966 820 ad
989 774 1138 840 quorum
1163 753 1328 820 noticiam
1400 752 1404 761 '

2 816 89 901 rKectorv
98 815 121 854 ot

3 864 128 963 Miiiiiiion.

5 3330 39 3370 On
53 3328 89 3368 the

4 3380 101 3419 removal
112 3379 135 3418 of

6 3430 43 3469 the
52 3433 123 3468 rector

6 3480 43 3519 the
53 3479 113 3518 vicar
125 3484 147 3518 to

5 3529 75 3579 resign
86 3529 129 3568 and

5 3581 88 3619 receive
101 3581 126 3619 10

6 3630 78 3669 marks
88 3641 101 3669 a

6 3691 64 3730 year.

168 846 363 932 pervenerit
377 847 440 911 hec
454 847 634 931 scriptura,
649 846 850 924 WillelmuS,
865 853 943 924 etc,
959 847 1107 912 salutem
1120 845 1160 911 in
1173 845 1327 911 sincerisl

169 938 384 1022 amplexibus
400 938 599 1004 Salvatoris.
646 938 889 1004 Subditorum2
903 947 1100 1004 nostrorum
1115 937 1329 1023 profectibus

168 1030 324 1095 addicere
352 1030 535 1096 salubriter
561 1031 773 1108 estimamus,
802 1030 887 1096 dum
913 1030 1103 1116 jurgiorum
1130 1029 1329 1095 discrimina

167 1143 234 1206 que
256 1143 336 1187 ceca
357 1122 540 1207 cupiditas,
563 1129 675 1187 mater
694 1122 851 1208 inproba,
873 1122 1024 1207 parturit
1045 1121 1173 1187 cotidie
1195 1128 1232 1187 et
1254 1142 1328 1206 pro

168 1214 275 1292 ducit,
308 1214 451 1279 sollicite
483 1214 646 1292 tollimuS,
680 1220 715 1279 et
747 1214 897 1280 dissutas
928 1214 1085 1279 ecclesias
1117 1214 1164 1278 ad
1195 1220 1326 1279 statum

168 1306 324 1372 debitum
346 1307 504 1371 reducere
524 1307 667 1390 provide
686 1306 894 1372 laboramus.
941 1306 1038 1384 Cum,
1058 1306 1191 1391 itaque,
1212 1305 1327 1371 dilecti

167 1398 203 1462 in
233 1398 368 1463 Christo
398 1398 469 1476 filii,
500 1398 659 1480 S[imon],
691 1399 809 1476 abbas,
841 1405 876 1464 et
906 1404 1097 1464 conventus
1126 1396 1327 1463 monasterii

168 1490 276 1555 Beate
313 1490 419 1555 Marie
455 1490 691 1568 Eboracensis,
729 1490 868 1575 patroni
903 1490 1041 1555 ecclesie
1077 1489 1120 1554 de
1159 1490 1327 1575 Kyrkeby

168 1582 388 1666 Mispertone,
418 1604 459 1647 ac
487 1582 651 1667 magister
692 1583 897 1666 Radulphus
926 1583 968 1647 de
996 1582 1136 1667 Wyten,
1180 1581 1329 1648 vicarius

167 1675 305 1739 ecclesie
321 1675 486 1759 ejusdem,
502 1681 618 1739 nostre
633 1673 798 1760 dyocesis,
815 1673 1045 1740 controversie
1060 1673 1195 1739 diucius
1209 1674 1330 1739 habite

167 1767 257 1831 inter
300 1787 357 1831 eos
400 1787 503 1851 super
544 1767 673 1832 vicaria
716 1766 801 1851 ipsa,
845 1768 945 1852 cujus
987 1765 1194 1851 possessioni
1239 1765 1330 1831 idern

169 1857 386 1942 Radulphus,
422 1865 590 1943 tanquam
625 1879 726 1923 verus
760 1858 919 1935 vicariuS,
953 1857 1123 1923 incumbit
1158 1856 1328 1935 totaliter,

169 1949 420 2027 renunciantes,
450 1971 485 2014 se
515 1958 632 2015 nostre
659 1950 870 2015 ordinacioni
897 1950 932 2014 in
960 1951 1025 2015 hac
1052 1956 1151 2035 parte
1179 1970 1269 2035 pure
1295 1955 1330 2015 et

169 2042 368 2127 simpliciter
400 2042 644 2119 submiserunt,
679 2048 783 2127 prout
815 2041 917 2107 series
949 2040 1187 2106 submissionis
1220 2041 1332 2126 partis

168 2134 320 2199 declarat
348 2134 545 2199 evidencius
573 2134 763 2219 utriusque.
810 2134 893 2212 Nos,
922 2134 1075 2218 pensatis
1103 2133 1332 2199 deliberacius

168 2225 309 2310 singulis
332 2246 399 2310 que
422 2225 639 2310 contingunt,
663 2226 712 2291 sic
735 2226 875 2290 demum
898 2225 1060 2291 duximus
1083 2225 1329 2291 ordinandum.

170 2318 211 2382 In
248 2318 313 2382 Dei
348 2318 487 2383 nomine
523 2318 644 2382 Amen.
692 2318 742 2383 Ut
779 2326 853 2383 tam
889 2316 1135 2402 tranquillitati
1172 2317 1331 2402 parcium

167 2409 401 2494 predictarum
431 2431 538 2494 quam
568 2409 712 2475 utilitati
745 2411 878 2494 prefate
908 2409 1046 2475 ecclesie
1076 2429 1166 2494 equo
1197 2409 1332 2475 intuitu
1370 2414 1375 2425 “

168 2501 398 2579 consulamus,
431 2501 630 2567 ordinamus
662 2508 697 2566 et
730 2502 972 2579 decernimuS,³
1004 2507 1040 2566 et
1071 2501 1177 2586 hujus
1209 2500 1331 2586 scripti

168 2593 367 2659 testimonio
393 2593 582 2658 diffinimus
607 2593 701 2677 quod
727 2593 1027 2678 quandocumque,
1053 2592 1226 2670 videlicet,
1255 2613 1331 2678 pre·

168 2687 279 2750 iatam
313 2686 489 2750 ecclesiam
522 2686 564 2749 de
609 2685 777 2770 Kyrkeby
822 2685 1030 2769 Mispertone
1068 2705 1129 2769 per
1167 2691 1330 2763 mortem,

168 2777 365 2855 cessionem,
380 2778 603 2854 amocionem,
620 2777 676 2841 vel
691 2777 924 2862 privacionem
941 2776 1141 2842 canonicam
1157 2776 1331 2860 Johannis

169 2870 212 2933 de
249 2869 428 2947 Colcestre,
465 2891 558 2935 nunc
594 2869 733 2934 rectoris
770 2869 935 2954 ejusdem,
973 2889 1096 2935 vacare
1132 2868 1328 2954 contigerit,

169 2961 297 3026 vicaria
332 2961 407 3046 ipsa
441 2982 519 3026 cum
555 2961 700 3026 rectoria
734 2961 888 3046 ejusdem
924 2961 1061 3025 ecclesie
1095 2960 1330 3027 consolidetur

169 3053 299 3138 integre
335 3074 396 3138 per
431 3054 574 3118 liberam
611 3053 877 3138 resignacionem
912 3053 998 3138 juris
1034 3058 1069 3117 et
1105 3052 1329 3137 possessionis

169 3145 288 3209 vicarii
308 3145 485 3222 antedicti,
506 3166 612 3229 quam
632 3145 680 3210 sic
700 3166 742 3209 ex
761 3145 827 3210 hac
845 3151 965 3210 nostra
983 3144 1203 3210 ordinacione
1221 3143 1328 3210 libere

170 3236 356 3322 resignabit
372 3260 379 3314 ;
415 3237 466 3302 ita
483 3237 577 3321 quod
596 3244 724 3302 extunc
741 3258 850 3302 unum
867 3237 913 3302 sit
930 3236 1134 3302 beneficium
1152 3237 1218 3301 sub
1235 3235 1329 3302 unici

170 3329 309 3393 rectoris
344 3328 505 3413 regimine
539 3329 810 3414 gubernandum.
859 3329 967 3406 Idem,
1003 3334 1131 3406 autem,
1165 3327 1327 3405 vicarius,

170 3421 322 3505 predicte
339 3421 465 3485 vicarie
483 3441 543 3485 sue
561 3421 667 3505 gratis
685 3421 899 3498 renuncians,
918 3442 961 3485 ne
979 3441 1022 3484 ex
1038 3419 1248 3485 liberalitate
1265 3440 1329 3486 sua

170 3512 352 3577 commoda
366 3513 536 3577 afficiatur
549 3513 731 3577 incomodo
755 3513 869 3577 minus
883 3519 990 3597 grate,
1006 3519 1135 3577 extunc
1148 3533 1169 3576 a
1182 3511 1328 3596 prefatis

171 3605 298 3669 abbate
321 3611 356 3669 et
379 3612 553 3669 conventu
576 3604 744 3689 percipiat
767 3604 865 3669 annis
888 3604 1029 3688 singulis
1052 3604 1171 3669 decem
1193 3624 1328 3669 marcas

169 3696 420 3781 sterlingorum,
436 3696 472 3760 in
487 3696 583 3761 iestis
598 3697 818 3761 Pentecostes
832 3703 867 3761 et
883 3696 983 3761 Beati
999 3695 1139 3760 Martini
1152 3695 1188 3760 in
1203 3696 1328 3780 hyeme

169 3788 280 3853 eidem
298 3810 360 3872 pro
379 3789 558 3874 equalibus
576 3788 794 3872 porcionibus
812 3787 848 3852 in
866 3788 1075 3853 monasterio
1093 3786 1327 3873 predictorum

170 3879 307 3945 abbatis
337 3888 372 3945 et
411 3887 603 3946 conventus
645 3879 916 3945 Eboracensium
955 3880 1149 3957 solvendaS,
1187 3879 1328 3945 nomine

168 3972 351 4056 pensionis,
363 3973 471 4037 donec
481 3972 584 4036 iidem
596 3972 704 4037 abbas
715 3979 750 4036 et
761 3979 952 4037 conventus
962 3971 1116 4056 predicto
1129 3970 1327 4056 Radulph0,

168 4063 308 4140 vicari0,
326 4065 539 4148 providerint
557 4065 599 4129 de
616 4064 844 4128 ecclesiastico
855 4064 1020 4129 beneficio
1038 4063 1328 4129 estimacionisxx

168 4155 333 4220 librarum
345 4156 536 4233 annuatim,
551 4157 645 4240 quod
655 4156 690 4219 in
702 4155 847 4221 rectoria
859 4156 1037 4221 consistat.
1063 4155 1176 4241 Quam
1187 4155 1329 4240 quidem

169 4268 321 4312 annuam
334 4248 532 4332 pensionem
546 4248 637 4312 idem
649 4247 798 4312 vicarius
811 4247 941 4332 integre
954 4247 1121 4332 percipiat
1134 4247 1328 4325 annuatim,

169 4339 278 4404 donec
309 4340 351 4404 de
382 4340 582 4425 hujusmodi
612 4339 777 4405 beneficio
808 4339 873 4404 sibi
904 4340 1082 4424 provisum
1113 4339 1218 4405 fuerit
1249 4358 1329 4405 cum

169 4432 304 4497 effectu.
351 4432 407 4496 Ad
435 4433 529 4517 quod
558 4431 754 4497 iaciendum
781 4432 907 4516 prefati
936 4432 1045 4498 abbas
1072 4438 1108 4497 et
1136 4438 1330 4498 conventus

269 4545 423 4595 lScr'nceris.
595 4546 790 4597 ²Sudditorum.
1002 4545 1212 4597 ³Discernimus.
