2994 4996
231 501 297 545 THE
320 501 483 546 REGISTER
504 501 545 546 OF
567 500 778 546 ARCHBISHOP
799 499 946 544 WILLIAM
968 499 1168 545 WICKWANE.
1219 481 1278 562 163

120 658 155 718 et
166 653 337 738 plerisque
348 653 508 738 capitulis
523 660 636 718 vestre
653 653 808 738 dyocesis
825 652 979 718 nondum
994 652 1094 736 plene
1114 652 1275 731 visitatis,

120 745 359 810 visitacionem
371 752 524 811 vestram
537 746 571 809 in
585 745 678 810 dicto
691 744 843 829 capitulo
867 745 1090 809 Dunelmensi
1102 765 1276 810 excercere

120 842 155 902 et
178 858 255 902 eam
277 838 507 922 recipiendam
529 837 576 902 eis
598 837 775 922 injungere
790 857 860 902 non
882 836 1025 914 debetis,
1048 857 1111 901 nec
1134 836 1276 902 adeam

120 929 351 1014 recipiendam
382 951 439 994 eos
469 930 598 994 invitos
628 929 838 1013 compellere.
887 929 988 1006 Item,
1019 935 1193 1012 protestor
1221 949 1276 993 me
1290 959 1421 1006 nenas

119 1020 206 1085 velle
240 1042 429 1106 proponere
463 1021 674 1106 excipiendo
709 1020 804 1105 quod
837 1041 910 1098 vos,
945 1020 1139 1085 venerande
1166 1027 1276 1104 pater,
1289 1010 1380 1101 &⁶2⁰²

120 1119 237 1197 spreta
254 1114 365 1178 forma
382 1114 521 1179 Concilii
532 1113 716 1190 Generalis,
727 1113 815 1178 sicut
829 1112 910 1177 olim
926 1113 1016 1176 hanc
1032 1113 1277 1196 provincialem
1289 1111 1419 1203 ξξῐῇῗξξξξ

120 1205 369 1283 visitacionem,
395 1206 484 1270 sicut
508 1205 711 1289 proponitis
737 1205 847 1269 iacere
872 1205 914 1268 de
938 1205 1014 1288 jure
1038 1224 1107 1268 non
1131 1205 1277 1288 potestis
1290 1209 1381 1252 <¹1000⁵0

119 1316 183 1360 nec
202 1296 345 1375 debetis,
366 1317 406 1362 eo
425 1297 520 1381 quod
539 1297 581 1361 de
600 1296 806 1381 necligencia
839 1296 994 1382 dyocesis
1025 1302 1138 1361 vestre
1175 1317 1278 1380 super

120 1389 331 1453 correccione
367 1395 402 1454 et
438 1389 683 1453 reformacione
719 1409 848 1466 eonrm,
872 1408 940 1472 que
975 1382 1186 1453 correccione
1221 1389 1277 1453 vel

119 1481 364 1545 reformacione
385 1481 576 1565 indigent,
567 1501 602 1545 1n
625 1481 736 1545 forma
757 1480 841 1545 dicti
864 1479 1003 1545 Concilii
1019 1500 1089 1543 non
1111 1480 1156 1544 sit
1178 1480 1277 1545 vobis

119 1572 214 1637 lacta
226 1572 359 1637 relacio.
408 1574 508 1650 Item,
522 1579 695 1657 protestor
707 1593 761 1636 me
774 1571 861 1635 velle
874 1571 1074 1663 excipiendo
1087 1592 1276 1675 proponere
1289 1599 1335 1640 ne
1345 1599 1430 1653 bishop,

119 1669 285 1768 utsupra,
299 1665 484 1768 quodcum
496 1665 820 1748 venerabilispater,
833 1659 1274 1767 Dunelmensisepiscopus,
1289 1632 1430 1743 ζ’ἒαῗξξξζ,

118 1757 273 1839 superior
283 1757 312 1820 si
314 1763 374 1822 tet
384 1763 489 1840 caput
502 1756 639 1821 ecclesie
657 1754 897 1821 Dunelmensis
910 1762 945 1821 et
958 1756 1066 1820 abbas
1084 1755 1140 1820 cui
1158 1756 1275 1821 subest
1289 1751 1376 1852 &53¹¹

118 1848 310 1932 capitulum
338 1849 493 1933 ejusdem
520 1848 668 1926 ecclesie,
697 1848 768 1952 qui3
798 1848 938 1912 remotis
965 1847 1122 1931 partibus
1150 1847 1379 1951 degensoham
1289 1851 1373 1902 Μ
1384 1852 1422 1893 th⁸

118 1959 223 2004 causa
251 1941 451 2016 necessaria,
482 1940 620 2018 scilicet,
651 1941 870 2024 negociorum
899 1960 1040 2004 suorum
1069 1959 1275 2024 prosequen-
1288 1901 1408 2043 ggigybe

119 2031 253 2109 dorum,
282 2032 327 2096 ad
352 2053 490 2116 presens
517 2033 656 2096 minime
683 2032 817 2096 visitari
842 2037 982 2115 potest3
1035 2037 1081 2108 et,
1109 2052 1179 2115 quo
1205 2052 1274 2096 non

117 2123 272 2200 visitato,
292 2124 447 2189 membra
466 2125 529 2188 de
519 2145 594 2208 Jure
613 2124 753 2188 visitare
772 2143 841 2188 non
860 2123 1017 2207 potestis
1036 2143 1099 2187 nec
1118 2122 1273 2201 debetis;

118 2235 180 2278 vos
193 2214 326 2279 dictum
340 2216 541 2299 capitulum,
556 2216 600 2280 ad
614 2215 847 2299 recipiendum
860 2215 1097 2280 visitacionem
1110 2221 1274 2294 vestram,

117 2306 318 2408 compellere
344 2308 419 2371 de
410 2328 485 2392 Jure
509 2328 579 2372 non
604 2307 760 2391 potestis,
786 2327 848 2371 nec
873 2306 1016 2384 debetis
1043 2306 1137 2371 dicto
1161 2307 1275 2390 capite
1287 2358 1407 2408 Ammo

116 2397 211 2481 prins
241 2418 310 2462 non
341 2399 493 2464 visitato.
540 2400 598 2476 Et,
630 2419 673 2463 ne
703 2420 776 2476 vos,
796 2404 913 2482 pater
925 2399 1119 2476 reverende,
1151 2399 1275 2482 spretis
1287 2409 1346 2508 ΗΜ
1348 2459 1385 2500 tou

116 2490 299 2573 premissis,
312 2490 423 2555 dictos
433 2511 581 2575 pnorem
592 2497 627 2556 et
639 2491 849 2575 capitulum
841 2491 969 2556 mvitos
981 2490 1026 2555 ad
1036 2490 1274 2556 visitacionem
1287 2469 1346 2550 slim.
1386 2471 1399 2501 ⁰

117 2589 269 2646 vestram
293 2583 554 2686 recipiendam
546 2604 582 2647 1n
605 2583 757 2667 capitulo
781 2602 910 2659 eorum,
935 2588 996 2647 aut
1020 2581 1168 2647 ecclesiis
1191 2583 1272 2661 suis,

115 2693 202 2756 quas
227 2674 262 2736 in
287 2675 443 2758 proprios
467 2695 549 2739 usus
574 2675 738 2740 habent
730 2694 765 2737 1n
790 2674 928 2758 dyocesi
953 2673 1187 2752 Dunelmensi,
1212 2695 1274 2758 per

114 2785 369 2850 quamcumque
398 2787 576 2832 censuram
604 2765 868 2831 ecclesiasticam
896 2765 1120 2849 compellatis,
1149 2765 1272 2831 Sedem
1326 2850 1328 2855 ι

114 2856 360 2940 Apostolicam,
378 2879 484 2943 quam
500 2859 595 2942 prius
611 2858 646 2921 in
662 2858 727 2922 hiis
743 2857 889 2941 scriptis,
906 2877 1057 2940 provoco
1073 2863 1107 2922 et
1125 2858 1270 2942 appello,

114 2955 149 3012 et
179 2949 352 3032 apostolos
385 2951 555 3015 instanter
583 2956 675 3034 pet0,
704 2970 791 3034 quos
820 2949 849 3014 si
876 2948 981 3013 michi
1009 2949 1269 3034 denegaveritiS,

113 3041 259 3104 eandem
276 3041 408 3120 Sedem,
427 3064 533 3126 quam
550 3042 644 3126 prius
661 3048 695 3107 et
712 3048 752 3107 ut
768 3040 874 3124 prius,
891 3061 1043 3125 provoco
1059 3048 1094 3105 et
1111 3041 1246 3125 appello
1261 3064 1269 3120 ;

114 3132 264 3196 adiciens
285 3134 393 3198 eciam
414 3135 519 3219 quod,
536 3135 564 3198 si
582 3133 738 3218 predicta
759 3153 841 3197 vera
870 3153 940 3197 non
970 3139 1094 3210 essent,
1117 3139 1178 3198 aut
1200 3153 1269 3197 non

113 3224 317 3303 sufficerent,
348 3225 402 3290 vel
431 3227 557 3303 forsan,
598 3224 693 3309 quOd
722 3225 823 3302 absit,
852 3225 991 3308 probari
1019 3245 1089 3289 non
1116 3230 1268 3308 possent,

112 3315 206 3399 quia,
219 3322 347 3394 tamen,
360 3318 599 3382 Dunelmensis
610 3317 761 3394 ecclesia,
774 3323 808 3382 et
821 3315 905 3381 dicti
915 3317 1008 3400 prior
1019 3322 1053 3381 et
1065 3323 1267 3394 conventus,

113 3428 153 3470 ac
179 3428 296 3471 eorum
321 3410 584 3492 predecessores,
610 3409 668 3473 illa
685 3409 853 3474 hactenus
877 3408 986 3493 gavisi
1011 3414 1092 3473 sunt
1117 3407 1268 3491 plenarie

112 3500 272 3563 libertate
303 3521 342 3564 ac
373 3501 603 3579 immunitate,
635 3500 682 3565 eis
712 3520 755 3565 ex
784 3499 969 3585 privilegiis
999 3499 1202 3584 specialibus
1232 3505 1268 3564 et

112 3591 336 3695 indulgenciis
368 3593 518 3749 plenarie
551 3592 717 3657 concessis
750 3590 906 3668 obtenta,
939 3612 1007 3676 que
1039 3591 1153 3676 parati
1185 3598 1267 3656 sunt

112 3684 270 3766 congruis
298 3685 435 3749 locoet
421 3691 618 3769 ttempore
647 3704 763 3748 coram
790 3684 963 3840 judictibus
991 3683 1267 3766 competentibus

112 3775 474 3860 exhibereetprobare,
482 3776 576 3860 quod
585 3776 679 3840 nullo
688 3796 868 3860 nunquam
879 3782 1032 3859 empore
1042 3775 1267 3839 Eboracensrs
1279 3767 1402 3869 {iffi}

113 3867 387 3950 archiepiscopus
409 3868 596 3933 auctoritat
599 3889 616 3931 e
638 3867 921 3952 metropolitica
913 3888 948 3931 1n
970 3887 1028 3931 eos
1049 3865 1432 3961 provinc1al1s{fg’vfm'xggd

113 3958 324 4022 visitacionis
346 3960 494 4024 officium
517 3960 735 4037 excercuerit,
758 3966 810 4025 set
833 3980 854 4024 a
876 3965 1030 4043 tempore
1051 3957 1267 4023 fundacionis
1280 3968 1385 4011 Durhm

113 4049 352 4115 Dunelmensis
373 4051 510 4115 ecclesie
532 4073 552 4116 a
572 4051 773 4117 visitacione
793 4049 992 4135 hujusmodi
1013 4070 1151 4134 prorsus
1170 4050 1267 4115 liberi

113 4141 240 4205 fuerint
275 4150 310 4206 et
344 4144 524 4221 immunes,
560 4150 594 4209 et
630 4144 743 4207 adhuc
777 4142 963 4207 earundem
996 4141 1198 4207 libertatum
1231 4149 1267 4206 et

113 4232 374 4298 immunitatum
402 4235 545 4318 pacifica
572 4235 793 4319 possessione,
822 4233 877 4298 vel
904 4233 1014 4318 quasi,
1042 4233 1218 4318 gaudent3
1247 4252 1268 4298 a

112 4344 182 4407 qua
208 4327 430 4408 possessione,
458 4327 513 4392 vel
539 4327 648 4412 quasi,
676 4327 749 4391 sine
775 4345 876 4391 cause
902 4324 1099 4410 cognicione
1124 4325 1269 4410 dejure

112 4416 250 4500 spoliari
274 4418 328 4482 vel
358 4419 419 4483 eici
442 4440 511 4484 non
534 4425 689 4504 possunt,
713 4438 776 4483 nec
798 4417 948 4496 debent3
993 4437 1066 4495 vos,
1090 4416 1269 4482 dominum

113 4508 416 4595 archiepiscopum,
445 4511 490 4576 ad
512 4510 757 4577 excercendum
779 4510 815 4576 in
837 4528 899 4577 eos.
915 4516 950 4575 et
972 4507 1148 4577 ecclesiam
1169 4529 1269 4578 suam
