2994 4996
251 537 311 600 244
359 537 426 583 ΤΗΕ
449 537 613 584 REGISTER
633 538 676 583 OF
697 538 909 584 ARCHBISHOP
930 537 1078 583 WILLIAM
1100 537 1302 583 WICKWANE.

249 691 384 756 litteras
420 696 534 756 vestre
570 692 792 775 paternitatis
829 711 890 775 per
925 691 1105 756 dominum
1143 691 1333 756 Ricardum
1370 691 1414 756 de

251 784 514 860 Bathamtone,1
547 789 702 848 vestrum
733 783 949 867 capellanum
981 789 1016 848 et
1047 783 1280 860 secretarium,
1312 783 1414 849 nobis

250 875 434 952 exhibitas,
467 876 662 940 reverencia
693 897 764 960 qua
795 875 911 940 decuit
942 875 1143 959 recepimus
1176 875 1267 940 inter
1297 882 1414 940 cetera

250 967 466 1032 continentes
497 967 601 1051 quod,
633 968 679 1033 ob
708 968 873 1033 honorem
904 972 939 1032 et
969 967 1200 1032 reverenciam
1230 966 1411 1044 Altissimi,

248 1066 453 1124 ornamenta
484 1059 622 1124 ecclesie
653 1066 767 1124 vestre
799 1059 1024 1124 Eboracensis
1045 1079 1113 1143 que
1136 1059 1224 1124 bone
1248 1060 1412 1124 memorie

248 1152 314 1228 W.,
338 1171 521 1236 germanus
552 1157 680 1229 noster,
712 1157 828 1217 vester
859 1151 1086 1235 predecessor,
1119 1151 1231 1215 eidem
1263 1151 1412 1217 contulit

250 1243 334 1307 dum
349 1243 503 1320 vivebat,
522 1243 566 1307 ad
582 1249 735 1308 vestram
751 1243 1041 1328 supplicacionem
1057 1243 1192 1308 restitui
1209 1243 1409 1308 laceremus.

251 1336 292 1399 In
307 1335 373 1400 hiis
388 1342 423 1399 et
436 1334 510 1399 aliis
522 1356 590 1420 que
605 1336 704 1400 nobis
719 1336 879 1420 exposuit
889 1335 981 1400 idem
997 1341 1112 1400 vester
1123 1335 1331 1420 capellanus,
1345 1335 1410 1400 sibi

249 1427 388 1511 plenam
413 1427 576 1492 fiduciam
603 1428 817 1505 adhibentes,
844 1427 935 1504 licet,
962 1428 1077 1512 igitur,
1105 1434 1310 1492 ornamenta
1335 1448 1410 1512 pre-

250 1518 345 1583 dicta
355 1539 533 1603 possemus
544 1539 648 1604 penes
660 1540 722 1585 nos
734 1519 884 1585 tenuisse
896 1519 939 1583 de
949 1520 1035 1604 jure,
1049 1519 1094 1583 ad
1105 1519 1219 1584 minus
1230 1540 1411 1604 quousque

251 1611 293 1675 de
308 1611 492 1676 collacione
508 1612 602 1676 iacta
617 1617 652 1675 et
667 1612 879 1696 possessione
893 1617 1007 1676 vestre
1022 1611 1160 1677 ecclesie
1176 1612 1297 1676 luisset
1311 1612 1411 1695 plene

250 1703 465 1780 discussum;
513 1703 680 1781 volentes,
705 1709 835 1781 tamen,
860 1710 974 1768 vestre
997 1703 1202 1788 paternitati
1227 1704 1262 1767 in
1285 1704 1351 1769 hiis
1376 1711 1410 1768 et

251 1795 336 1872 aliis
356 1802 527 1879 quantum
546 1816 739 1880 possumus,
759 1796 981 1880 complacere,
1001 1795 1046 1860 ad
1064 1795 1159 1880 quod
1177 1795 1269 1860 zelus
1288 1795 1412 1861 domus

250 1893 364 1952 vestre
395 1894 524 1964 sancte,
549 1888 604 1951 cui
634 1888 763 1972 prefuit
793 1893 911 1953 noster
940 1907 1123 1972 germanus
1153 1894 1342 1972 pretactus,
1375 1894 1411 1952 et
1463 1893 1466 1899 '

250 1980 350 2064 cujus
372 1979 576 2044 beneficium
600 1979 767 2044 sensimus
791 2000 870 2044 cum
893 1979 1044 2064 promoti
1067 1980 1195 2044 luimus
1218 1980 1254 2043 in
1278 1980 1410 2058 eadem,

250 2077 286 2136 et
315 2071 474 2155 precipue
502 2070 623 2136 finium
644 2071 814 2137 natalium
834 2071 1043 2156 contiguitas
1064 2092 1105 2136 ac
1125 2071 1268 2156 antique
1289 2072 1411 2136 amicie

250 2164 340 2228 inter
371 2183 434 2228 nos
466 2163 526 2228 diu
558 2169 723 2248 concepte
755 2164 887 2228 sincera
919 2164 1059 2228 dileccio
1090 2184 1154 2228 nos
1186 2164 1342 2229 excitant
1375 2170 1411 2228 et

249 2255 440 2332 inducunt;
477 2276 528 2332 ac,
570 2276 613 2319 ne
646 2263 732 2320 nota
765 2256 967 2321 ambicionis
999 2256 1099 2320 nobis
1131 2275 1273 2340 quoquo
1305 2256 1411 2321 modo

250 2347 359 2432 possit
392 2346 546 2432 impingi,
581 2347 664 2412 dum
698 2347 905 2425 studuimus,
939 2348 1039 2412 novit
1072 2348 1176 2426 Deus,
1211 2348 1413 2433 hujusmodi

250 2445 455 2504 ornamenta
469 2460 538 2504 non
552 2439 652 2504 nobis
667 2440 899 2524 appropriare,
915 2445 967 2504 set
982 2440 1017 2504 in
1032 2440 1106 2523 pios
1121 2460 1203 2504 usus
1217 2460 1280 2524 pro
1295 2441 1413 2505 anima
1473 2520 1476 2525 Ι

250 2532 405 2596 defuncti
426 2531 605 2615 disponere
624 2532 868 2609 convertenda,
889 2532 965 2616 ipsa
983 2532 1100 2596 omnia
1119 2531 1274 2616 predicto
1294 2539 1413 2598 vestro

250 2624 427 2708 capellano
438 2629 473 2688 et
483 2624 665 2688 secretario
676 2624 938 2700 commisimus,²
949 2623 1048 2689 vobis
1058 2623 1204 2688 fideliter
1214 2623 1412 2702 deferenda;

250 2715 369 2780 scituri
388 2715 483 2799 quod
501 2735 717 2799 quecumque
736 2716 772 2779 in
790 2723 909 2780 nostra
928 2716 1059 2800 capella
1073 2721 1108 2780 et
1122 2715 1204 2780 alibi
1223 2716 1317 2800 apud
1335 2736 1412 2794 nos,

250 2813 572 2892 quantumcumque
599 2808 752 2892 preciosa
788 2808 927 2885 luerint,
968 2808 1012 2872 ad
1049 2814 1162 2872 vestre
1190 2808 1415 2892 paternitatis

250 2899 506 2983 beneplacitum
521 2905 603 2964 sunt
619 2905 752 2984 parata.
799 2899 923 2964 Valeat
938 2906 1055 2964 vestra
1070 2900 1262 2984 paternitas
1277 2920 1415 2985 semper

251 2992 286 3055 in
308 2990 454 3056 Christo

87 3117 170 3157 Rom
295 3083 370 3148 601.
418 3083 482 3147 Die
508 3082 691 3148 Dominica
716 3084 751 3147 in
777 3083 927 3148 crastino
953 3083 1072 3148 Sancti
1098 3084 1228 3148 Mathei
1254 3083 1415 3168 Apostoli

86 3168 200 3267 ssffilof
251 3175 360 3260 (Sept.
388 3194 441 3252 22,
471 3174 580 3257 1280).
629 3175 786 3260 Kirkeby
811 3175 1045 3241 Moresheved.
1100 3177 1153 3241 De
1171 3176 1323 3241 cautela³
1351 3197 1416 3260 pro

87 3267 207 3360 &32²3st
251 3267 343 3352 regia
365 3267 609 3350 prohibicione.
633 3267 828 3332 Venerabili
850 3268 885 3332 in
908 3267 1044 3333 Christo
1066 3269 1168 3352 patri,
1189 3268 1329 3334 domino
1345 3270 1414 3349 W„

86 3349 212 3420 unstrot,
252 3366 330 3437 etc,
363 3359 418 3437 R.,
449 3359 617 3445 Ejusdem
646 3360 867 3444 permissione
898 3359 1140 3425 Bathoniensis
1170 3366 1206 3426 et
1236 3361 1416 3428 Wellensis

87 3422 111 3458 to
120 3419 157 3458 the
165 3421 238 3461 archb.

85 3469 203 3560 {qma
252 3451 471 3517 ecclesiarum
493 3451 658 3528 minister,
682 3452 803 3516 salutis
824 3452 989 3536 gaudium
1012 3459 1046 3516 et
1068 3453 1197 3518 sincere
1219 3453 1417 3520 dileccionis

88 3570 126 3628 ne
136 3571 229 3619 prons-
252 3544 457 3609 continuum
472 3543 733 3608 incrementum.
780 3545 904 3609 Vestra
920 3544 1018 3609 novit
1035 3545 1197 3610 discrecio
1213 3545 1302 3610 sicut
1318 3546 1416 3629 quod

87 3622 214 3710 mine
252 3635 457 3700 intencionis
472 3635 604 3700 domini
619 3636 728 3700 nostri
745 3636 831 3720 regis
847 3656 916 3700 non
933 3642 985 3700 est
1000 3637 1134 3721 juribus
1151 3644 1212 3702 aut
1228 3637 1417 3723 privilegiis

88 3720 240 3821 {Jssossligffl
253 3727 489 3792 ecclesiasticis
518 3727 736 3811 aliquatenus
764 3728 937 3813 derogare,
964 3749 1084 3792 verum
1112 3729 1206 3812 quod
1234 3749 1345 3814 nuper
1372 3730 1416 3795 de

88 3821 240 3913 gggfgmfiffl
253 3819 455 3885 cancellaria
472 3840 535 3884 sua
551 3819 702 3904 quedam
719 3820 919 3904 prohibicio,
939 3820 1069 3885 directa
1086 3821 1266 3898 Willelmo,
1285 3821 1416 3888 vicario

87 3921 153 3972 ruht·
253 3911 392 3976 ecclesie
411 3911 454 3976 de
473 3910 645 3996 Graneby,
666 3932 768 3996 super
787 3912 920 3976 cataHis
939 3919 973 3976 et
994 3912 1119 3977 debitis
1138 3913 1326 3991 emanavit,
1347 3934 1416 3998 que

253 4004 288 4067 in
313 4003 430 4087 aliqua
453 4003 506 4069 sui
529 4011 629 4088 parte
653 4004 719 4068 luit
745 4004 927 4082 defectiva,
952 4005 1018 4069 hoc
1042 4005 1087 4069 ad
1110 4026 1239 4070 novam
1262 4007 1417 4090 prohibi-

253 4096 359 4160 cionis
376 4095 465 4180 regie
480 4095 718 4160 invencionem
734 4096 907 4180 imputare
923 4116 992 4160 non
1009 4096 1153 4174 debetis
1170 4104 1222 4162 set
1238 4097 1417 4182 scriptoris

252 4188 391 4272 culpam
405 4207 546 4272 arguere
559 4188 594 4252 in
608 4189 674 4253 hac
687 4193 796 4272 parte.
845 4187 956 4265 Unde,
971 4188 999 4252 si
1013 4188 1055 4251 de
1070 4209 1105 4253 re
1118 4190 1300 4274 spirituali,
1315 4191 1417 4276 cujus

253 4279 406 4364 cognicio
429 4279 475 4344 ad
497 4280 610 4345 iorum
633 4280 900 4345 ecclesiasticum
923 4280 1106 4363 pertineat,
1131 4281 1244 4346 dictus
1266 4282 1419 4349 vicarius

253 4391 465 4456 quemquam
495 4372 692 4451 conveniat,
723 4371 933 4438 consulimus
963 4373 1055 4437 bona
1085 4373 1153 4437 fide
1182 4373 1277 4457 quod
1307 4374 1418 4458 judex

323 4517 557 4571 1Bakeha1nt0ne.
597 4518 645 4569 Fo.
663 4519 831 4639 wiviliiit'en
845 4519 1119 4639 mffipmmissimus
1132 4536 1167 4574 on
1180 4522 1250 4573 both
1263 4521 1353 4575 iolios.
