2994 4996
239 460 299 536 318
348 475 415 521 THE
438 476 601 522 REGISTER
622 476 664 521 OF
685 475 896 522 ARCHBISllOP
917 475 1065 521 WILLIAM
1086 474 1291 521 wlcxwaua.

238 639 393 698 vestram
430 632 591 711 maculet,
629 653 698 718 que
735 631 866 698 redolet
902 638 978 698 tam
1015 639 1165 718 accepte.
1211 633 1272 711 Et,
1312 652 1406 711 ecoe,

238 730 353 810 grates
365 724 464 789 vobis
477 724 654 790 referimus
666 724 873 810 multiplices
885 745 928 790 ex
941 745 981 789 eo
993 724 1088 809 quod
1100 724 1240 791 clericos
1251 731 1404 803 nostros,

237 837 298 901 per
334 837 397 881 vos
432 816 542 901 pridie
578 823 808 895 transeuntes
846 816 1013 882 hillariter
1048 817 1234 902 recepistis.
1282 817 1406 885 Parati

239 911 385 990 [sumus]
417 929 458 973 ea
490 908 727 974 favorabiliter
758 909 920 994 prosequi
951 929 1019 993 que
1051 908 1170 974 cedere
1201 910 1407 977 noverimus

237 1000 329 1065 votis
347 1000 480 1066 vestris.
527 1001 651 1066 Valeat
670 1002 705 1066 in
724 1002 875 1067 Domino
892 1021 1028 1086 semper
1044 1000 1141 1066 bene.

74 1130 205 1231 ξῗξξζξθ
280 1129 354 1214 766.
401 1130 597 1194 Venerabili
630 1130 666 1195 in
700 1130 836 1195 Christo
870 1130 973 1215 patri,
1008 1129 1148 1195 domino
1183 1129 1249 1194 Dei
1282 1131 1405 1215 gracia

75 1211 213 1323 flffrffito
236 1221 476 1287 Hertfordensi
499 1221 573 1304 (sic)
596 1222 766 1307 episcopo
789 1222 855 1300 W,
878 1229 956 1300 etc,
978 1221 1126 1288 salutem
1147 1242 1255 1306 quam
1276 1223 1404 1307 genuit

72 1293 168 1423 {iffae
235 1334 402 1398 puerpera
423 1313 612 1399 singularis.
660 1315 880 1400 Quamquam
901 1314 986 1399 juris
1007 1312 1153 1379 tradicio
1173 1319 1270 1379 certa
1292 1314 1403 1381 fuerit

74 1384 200 1483 arlr‘lssloll,
235 1411 271 1470 et
301 1405 477 1483 distincta,
509 1412 628 1471 tamen
658 1406 785 1472 cotidie
815 1406 1066 1492 emergencium
1106 1425 1210 1471 exosa
1240 1405 1403 1473 infinitas

71 1483 180 1575 mid
234 1498 321 1563 adeo
346 1498 488 1582 inprobe
513 1519 549 1563 se
574 1499 726 1564 ostendit
751 1498 845 1583 quod
869 1499 954 1583 juris
979 1497 1219 1563 execucionem
1245 1497 1402 1566 involvit

71 1584 161 1675 ξζῄῗῆ
177 1585 222 1624 ²¹⁸⁰
234 1590 369 1656 assidue
391 1589 516 1655 umbra
538 1591 636 1675 ejus;
681 1590 776 1675 quod
797 1590 952 1656 locorum
974 1590 1164 1655 ordinarios
1186 1589 1403 1674 prudencius

70 1684 210 1776 ssfflfiffgfmd
233 1682 408 1767 oportebit
433 1682 622 1760 advertere,
648 1689 688 1748 ut
713 1704 753 1748 eo
777 1683 979 1768 vigilancius
1003 1703 1102 1748 suam
1126 1681 1402 1749 sollicitudinem

71 1785 160 1826 diome-
233 1780 434 1839 excerceant
448 1774 538 1839 circa
547 1795 694 1860 gregem,
705 1795 774 1859 quo
784 1774 1005 1860 periculosius
1019 1775 1064 1840 ab
1077 1774 1230 1858 ipsorum
1244 1774 1402 1860 require·

233 1873 291 1931 tur
332 1866 504 1943 manibus,
535 1866 630 1951 quod
673 1867 851 1932 sanciones
892 1867 1074 1932 canonicas
1114 1865 1237 1931 deinde
1269 1868 1403 1953 exequi

233 1958 456 2023 famularunt.
504 1957 604 2036 Sane,
635 1958 886 2044 fidedignorum
916 1958 1027 2024 relatu
1057 1978 1167 2043 nuper
1197 1959 1401 2043 accepimus

233 2050 407 2115 deferente
419 2051 514 2135 quod
527 2051 677 2116 Thomas
690 2051 733 2115 de
747 2051 970 2136 Bramptone,
985 2050 1136 2128 clericus,
1150 2049 1260 2135 quiin
1271 2058 1402 2119 nostra

232 2142 370 2227 dyocesi
399 2141 624 2208 beneficiatus
653 2163 732 2208 cum
762 2164 844 2208 cura
873 2143 1066 2208 animarum
1096 2162 1232 2208 annexa
1260 2143 1399 2223 existit,

232 2234 267 2299 in
281 2240 398 2300 vestra
411 2233 549 2320 dyocesi
563 2235 778 2313 beneficium,
793 2235 939 2300 similem
953 2256 1071 2300 curam
1085 2233 1226 2312 habens,
1242 2235 1398 2319 optinet,

231 2326 325 2412 quod
351 2325 471 2403 erin,
499 2332 539 2391 ut
566 2326 702 2404 dicitur,
730 2333 962 2412 nuncupatur,
998 2326 1078 2392 licet
1114 2325 1213 2391 nobis
1248 2327 1399 2395 minime

231 2417 425 2484 constiterit
446 2439 491 2483 on
510 2417 603 2483 licite
622 2418 731 2503 possit
751 2419 896 2484 retinere
916 2425 1114 2503 utrumque,
1135 2424 1276 2503 propter
1296 2421 1399 2505 quod

230 2517 388 2576 nostrum
410 2510 559 2575 officium
581 2511 766 2595 inpeditur.
813 2512 867 2576 Ea
887 2517 1029 2596 propter
1049 2508 1254 2595 paternitati
1275 2519 1399 2579 vestre

232 2603 403 2668 attencius
445 2603 679 2687 supplicamus
721 2603 886 2689 quatinus
927 2603 1134 2688 investigare
1175 2601 1303 2681 velitis,
1348 2626 1398 2671 an

231 2695 406 2780 predictus
432 2695 573 2760 clericus
600 2695 798 2780 hujusmodi
820 2695 1029 2764 ,beneficium
1055 2694 1092 2761 iu
1118 2700 1235 2759 vestra
1261 2696 1398 2764 habeat

231 2787 379 2873 dyocesi,
391 2793 537 2871 etaquo
548 2793 703 2872 tempore
713 2787 748 2851 id
758 2787 929 2865 habuerit,
941 2808 1061 2872 aequo
1071 2785 1175 2852 titulo
1185 2786 1398 2856 beneficium

231 2879 405 2965 possideat
426 2879 652 2957 antedictum,
673 2878 783 2957 nobis,
804 2879 833 2945 si
852 2879 976 2964 placet,
997 2899 1058 2964 per
1077 2885 1211 2944 vestras
1230 2885 1400 2963 patentes

229 2971 364 3037 litteras
390 2971 573 3056 dignantes
599 2971 781 3037 rescribere
807 2972 892 3056 quid
918 2970 1117 3036 inveneritis
1143 2971 1179 3035 in
1205 2972 1396 3055 premissis.

229 3064 288 3141 Et,
306 3084 393 3140 ecce,
410 3069 534 3128 mutua
550 3063 786 3128 vicissitudine
802 3063 901 3129 vobis
916 3063 952 3128 in
968 3085 1050 3129 casu
1065 3062 1397 3147 corespondebimus

230 3155 408 3232 consimili,
425 3161 460 3220 et
476 3156 511 3219 in
527 3155 601 3220 aliis
616 3162 733 3221 vestra
747 3176 993 3240 prosequemur
1007 3154 1224 3239 beneplacita
1238 3156 1396 3224 multum

229 3254 336 3334 grate.
384 3247 570 3313 Conservet
610 3268 672 3312 vos
712 3247 909 3314 Altissimus
949 3268 1010 3333 per
1049 3254 1206 3332 tempora
1246 3246 1397 3316 feliciter

230 3339 429 3407 successive.
477 3340 571 3417 Dat,
597 3346 662 3404 etc.

272 3469 347 3555 767.
397 3468 437 3534 16
469 3469 537 3533 kal.
571 3468 659 3554 Aug.
694 3468 792 3554 (July
826 3473 891 3554 17),
926 3468 1021 3536 1281.
1068 3470 1175 3535 York.
1223 3470 1393 3538 Mandate

227 3564 315 3628 from
330 3562 458 3626 Master
470 3560 618 3638 Ardici0‚
635 3560 656 3587 ‘⁴
669 3561 880 3645 primicerius
895 3561 915 3588 ”
930 3563 966 3627 of
979 3562 1096 3640 Milan,
1110 3562 1215 3648 papal
1227 3564 1392 3649 chaplain

227 3655 297 3721 and
323 3653 450 3718 nuncio
476 3653 511 3717 in
538 3652 708 3738 England,
737 3660 774 3718 to
801 3655 861 3719 the
888 3654 1105 3739 archbishop,
1132 3654 1168 3720 in
1194 3675 1391 3739 pursuanoe

228 3748 265 3813 of
277 3768 298 3812 a
311 3745 383 3812 bull
397 3746 433 3810 of
447 3746 540 3829 Pope
554 3745 682 3810 Martin
696 3745 768 3824 lv,
784 3746 890 3811 dated
904 3753 941 3811 at
955 3746 1108 3824 Orviet0‚
1123 3765 1144 3830 4
1157 3747 1230 3812 ides
1243 3747 1281 3813 of
1293 3748 1389 3835 May,

230 3845 282 3905 rst
302 3859 385 3924 year
405 3838 501 3923 (May
522 3856 573 3915 12,
596 3837 706 3919 1281),
727 3838 796 3903 and
816 3838 1000 3904 addressed
1019 3844 1057 3903 to
1077 3839 1205 3904 Master
1223 3838 1390 3907 Nicholas

229 3932 271 3996 de
297 3930 482 4007 Garatena,
510 3929 722 3994 archdeacon
748 3931 785 3995 of
810 3931 957 4009 Lisieux‚
985 3930 1055 3996 and
1081 3931 1210 3996 Master
1234 3930 1386 4012 Ardici0‚

229 4023 411 4109 providing
424 4021 582 4087 Cinthius
595 4021 638 4085 de
652 4021 768 4099 Pinea,
782 4023 887 4107 papal
900 4022 1108 4101 subdeacon,
1123 4028 1161 4088 at
1174 4024 1234 4088 the
1248 4031 1387 4110 request

229 4116 266 4182 of
293 4115 422 4199 James,
451 4113 604 4180 cardinal
632 4113 761 4180 deacon
790 4115 826 4179 of
853 4114 962 4181 Santa
990 4116 1099 4181 Maria
1126 4116 1162 4181 in
1190 4114 1385 4197 Cosmedin,

229 4210 343 4275 whose
364 4207 506 4272 relative
524 4206 593 4271 and
607 4206 840 4272 chamberlain
855 4207 898 4271 he
915 4229 996 4286 waS,
1011 4214 1049 4273 to
1063 4209 1123 4274 the
1140 4228 1295 4295 canonry
1315 4207 1387 4283 and
1407 4262 1411 4271 .

229 4299 382 4387 prebend
398 4299 434 4363 in
451 4299 510 4364 the
527 4298 655 4363 church
672 4299 708 4363 of
724 4297 921 4376 Southwell‚
939 4306 1066 4365 vacant
1083 4299 1132 4387 by
1148 4299 1208 4366 the
1225 4299 1334 4369 death
1348 4306 1388 4369 at

229 4391 373 4460 Viterbo
392 4392 428 4456 of
448 4390 607 4476 Geoffrey
626 4390 663 4454 of
681 4389 731 4455 St.
753 4390 906 4468 Medard,
926 4391 996 4456 late
1015 4412 1127 4458 canon
1145 4391 1183 4459 of
1199 4390 1276 4475 the,
1402 4406 1433 4479 J

231 4484 397 4570 although
422 4484 464 4547 he
489 4503 559 4548 was
584 4481 758 4547 beneficed
783 4482 817 4546 in
843 4483 1008 4552 churches
1031 4482 1065 4551 in
1091 4488 1107 4538 r
1199 4410 1489 4886 ἡ
