2994 4996
270 471 336 518 THE
359 471 522 519 REGISTER
542 471 586 517 OF
607 470 819 516 ARCHBISHOP
842 471 990 517 WILLIAM
1011 470 1212 517 WICKWANE.
1307 472 1327 535 7

168 651 362 736 episcopus,
398 651 537 728 scilicet,
570 650 681 735 primo
716 651 782 728 die,
815 651 965 715 secundo
1003 672 1085 715 vero
1122 651 1324 736 capitulum,

170 743 363 809 admittant
379 765 458 808 cum
475 743 593 808 debita
609 743 802 807 reverencia
818 750 852 807 et
874 750 1069 827 procurent,
1086 750 1326 828 proponatque

170 835 446 919 archiepiscopus
456 835 491 899 in
507 834 659 918 capitulo
671 835 816 898 verbum
829 834 893 898 Dei
905 858 913 912 ;
937 841 983 912 et,
997 835 1024 898 si
1034 834 1119 919 quid
1129 835 1326 919 episcopum

170 927 227 990 vel
251 927 441 1010 capitulum
458 926 687 991 communiter
708 926 764 990 vel
786 926 1003 1010 singulariter
1026 927 1215 1011 contingat,
1233 926 1327 1011 quod

171 1019 419 1083 correccionem
435 1018 603 1082 desideret
613 1018 669 1082 vel
685 1018 846 1102 requirat,
859 1024 893 1082 et
903 1018 1016 1102 quivis
1032 1019 1068 1082 in
1083 1019 1257 1083 communi
1273 1018 1328 1082 vel

170 1110 338 1174 drivatim
353 1110 389 1174 id
405 1110 562 1175 visitanti
579 1116 742 1194 exponat,
759 1110 904 1173 visitans
921 1110 992 1194 ipse
1016 1111 1146 1194 absque
1162 1110 1327 1175 scrutinio

91 1234 96 1242 ·
168 1209 205 1266 et
232 1202 394 1286 singulari
419 1201 686 1278 examinacione,
712 1207 753 1265 ut
779 1202 957 1266 consuevit
983 1202 1066 1279 fieri,
1092 1222 1326 1286 personarum,

169 1314 239 1378 que
272 1294 469 1379 corrigenda
511 1293 638 1358 luerint
672 1293 818 1377 corrigat
852 1288 886 1357 et
921 1295 1092 1358 reformet.
1163 1294 1328 1377 Idemque

168 1385 332 1450 visitandi
362 1386 485 1450 modus
522 1406 582 1469 per
608 1385 684 1450 loca
720 1385 900 1470 collegiata
927 1392 962 1450 et
991 1385 1178 1450 decanatus
1218 1386 1329 1450 tocius

169 1477 313 1541 diocesis
336 1477 370 1541 in
394 1478 482 1542 clero
506 1483 541 1541 et
564 1477 599 1541 in
622 1477 749 1561 populo
773 1498 833 1561 per
856 1477 972 1541 omnia
994 1478 1217 1555 observetur3
1264 1477 1329 1541 hoc

1339 730 1377 770 Fo.
1388 729 1449 770 lstd.

169 1569 319 1653 adjecto
357 1575 398 1634 ut
434 1570 469 1633 in
507 1569 657 1654 ingressu
694 1569 904 1633 visitacionis
941 1569 1124 1653 cujuslibet
1161 1568 1329 1653 precipiat

169 1661 316 1725 visitans
346 1661 429 1745 ipse,
461 1662 526 1726 sub
556 1681 646 1744 pena
676 1661 1042 1725 excommunicacionis
1072 1681 1178 1745 quam
1209 1667 1329 1726 contra

169 1753 323 1837 proferat
345 1773 414 1817 non
435 1759 606 1837 parenteS,
628 1752 722 1837 quod
743 1752 888 1836 quilibet
909 1753 1142 1817 subditoruml
1165 1752 1330 1837 quicquid

169 1844 409 1928 corrigendum
434 1845 470 1908 in
495 1844 607 1928 capite
632 1845 768 1908 noverit
793 1851 828 1909 et
853 1844 888 1908 in
914 1845 1075 1909 membris
1101 1845 1213 1909 edicat
1239 1865 1331 1909 com-

168 1936 322 2001 muniter
341 1936 396 2000 vel
416 1943 545 2001 secreto
564 1959 571 2014 ;
618 1943 652 2001 et
673 1936 718 2000 ad
738 1936 843 2000 talem
864 1936 1165 2001 denunciacionem
1186 1937 1331 2001 visitans

168 2028 331 2112 episcopo
354 2028 514 2113 injungat
536 2028 641 2113 quod,
665 2027 754 2092 infra
773 2034 905 2093 certum
929 2034 1066 2112 tempus
1085 2029 1332 2114 prefigendum,

169 2120 257 2184 talia
276 2119 423 2204 corrigat
441 2126 696 2204 competenter;
728 2120 880 2204 alioquin
899 2127 1027 2185 extunc
1045 2121 1332 2205 metropolitanus

167 2212 206 2276 id
217 2211 324 2276 faciat
334 2231 395 2276 suo
407 2212 492 2295 jure.
518 2211 901 2296 Nos,vero,cogitantes
911 2212 959 2276 sic
968 2212 1010 2276 de
1021 2212 1178 2290 formula,
1190 2212 1333 2278 excitati

168 2324 234 2388 pro
253 2303 344 2367 bono
360 2304 465 2387 pacis,
483 2303 536 2367 liti
559 2303 754 2368 cederemus
772 2304 915 2367 forsitan
936 2304 965 2367 si
982 2304 1170 2369 annueritis
1186 2306 1250 2370 sub
1268 2305 1333 2370 hac

168 2397 295 2472 forma,
312 2401 353 2459 ut
365 2416 427 2460 nos
443 2401 478 2459 et
496 2415 703 2460 successores
719 2401 854 2460 nostros
871 2401 1064 2460 reverenter
1080 2396 1270 2461 admittant
1287 2396 1332 2461 ad

168 2486 419 2551 excercendum
435 2486 645 2551 visitacionis
656 2486 805 2551 officium
821 2487 1041 2564 declinantes,
1055 2488 1105 2553 ita
1117 2489 1211 2573 quod
1228 2488 1332 2553 offici·

166 2599 231 2644 um
245 2584 411 2655 nostrum,
424 2579 640 2663 singulariter
652 2579 881 2643 examinando
892 2599 1055 2663 personas
1067 2600 1168 2672 super
1180 2580 1332 2645 articulis

168 2670 355 2748 consuetis,
386 2670 485 2734 nobis
516 2690 689 2735 excercere
720 2671 818 2754 plene
848 2671 960 2748 liceat,
991 2678 1031 2735 ut
1063 2678 1114 2735 est
1145 2672 1260 2749 moriS,
1292 2692 1332 2736 ac

167 2769 349 2846 comperta
372 2782 439 2845 que
462 2762 672 2827 correccione
696 2762 799 2846 digna
823 2763 960 2839 fuerint,
986 2763 1176 2847 capitulum
1210 2764 1332 2829 saltem

167 2853 379 2920 cathedralis
410 2853 548 2919 ecclesie
579 2854 827 2939 contingencia,
860 2853 1041 2919 diocesano
1073 2856 1332 2920 committamus

166 2945 363 3030 reparanda
389 2946 492 3010 modo
519 2945 636 3010 debito
659 2946 733 3010 vice
759 2952 888 3022 nostra,
916 2946 975 3029 qui
999 2966 1100 3030 super
1123 2948 1333 3012 correccione

166 3039 367 3114 subsecuta,
393 3037 482 3101 infra
506 3043 638 3102 certum
664 3043 800 3121 tempus
825 3037 1075 3121 deputandum,
1101 3059 1163 3102 nos
1189 3039 1335 3104 fideliter

169 3128 339 3195 certificet
370 3135 404 3192 et
436 3129 608 3206 informet,
640 3135 691 3206 ut,
723 3135 895 3212 quatenus
925 3130 1106 3194 convenire
1137 3131 1333 3208 viderimus,

169 3221 405 3305 approbemus
424 3241 484 3284 seu
504 3221 723 3304 reprobemus
742 3220 836 3305 quod
856 3221 1105 3287 attenderimus
1124 3222 1333 3288 ordinatum.

168 3313 284 3396 Super
310 3312 519 3397 hujusmodi,
548 3313 662 3397 igitur,
691 3312 820 3389 formiS,
849 3333 909 3376 seu
936 3313 1003 3377 alia
1030 3314 1227 3391 honestiori,
1244 3315 1272 3378 si
1300 3335 1335 3378 se

168 3404 309 3481 offerat,
326 3403 515 3468 deliberare
538 3404 680 3488 provide
704 3404 873 3468 studeatis
896 3403 1078 3469 efficaciter
1101 3412 1135 3470 et
1160 3407 1334 3483 conferre3

168 3495 269 3581 quod
300 3496 399 3560 vobis
430 3495 605 3560 videbitur
627 3516 688 3580 per
718 3495 851 3559 litteras
882 3501 1042 3580 patentes
1073 3497 1172 3562 nobis
1204 3497 1337 3581 plenius

170 3587 408 3652 rescribentes,

217 3678 271 3745 26.
318 3679 383 3743 Die
407 3678 440 3744 S.
467 3679 625 3756 Donati,2
642 3679 791 3764 episcopi
815 3685 850 3743 et
866 3680 1016 3744 martiris
1042 3679 1141 3765 (Aug.
1168 3698 1199 3765 7,
1226 3681 1336 3762 1281).
1349 3708 1457 3749 meten

169 3771 280 3856 Apud
305 3772 513 3836 Eboracum.
561 3771 762 3835 Reverendo
788 3771 822 3834 in
848 3771 982 3836 Christo
1007 3773 1097 3856 patri
1124 3779 1158 3836 et
1184 3773 1335 3851 domin0,
1348 3759 1493 3850 ffihsshffil,

169 3864 241 3942 W,
261 3869 338 3941 etc,
358 3863 508 3927 decanus
526 3869 561 3927 et
580 3863 770 3947 capitulum
788 3863 954 3946 ejusdem,
973 3864 1131 3942 salutern,
1150 3865 1336 3949 subjeccio-
1350 3860 1399 3898 ΡΝ
1411 3870 1491 3900 ⁰³³⁰¹¹³

1350 3913 1436 3958 present
1447 3910 1470 3950 in

169 3976 265 4032 nem,
305 3954 547 4031 reverenciam,
586 3961 619 4018 et
657 3955 831 4031 honorem,
870 3956 905 4018 in
942 3956 1036 4039 pacis
1073 3957 1335 4041 tranquillitate.
1350 3959 1445 4049 {2333

168 4047 364 4114 Caritatem
384 4052 419 4110 et
440 4066 604 4130 magnum
625 4047 775 4110 fructum
792 4047 1018 4130 conspicimus
1037 4068 1079 4111 ex
1107 4068 1177 4132 quo
1200 4048 1338 4120 videtur
1351 4059 1476 4159 gffltgegrgsttiggs

168 4139 274 4206 nobis
303 4138 398 4222 quod
428 4138 472 4202 ad
501 4158 576 4203 eam
605 4158 668 4202 nos
696 4138 835 4201 tendere
864 4139 1036 4217 convenit,
1066 4145 1118 4217 ut,
1139 4140 1235 4206 salvo
1263 4142 1338 4225 jure
1350 4160 1373 4198 in
1383 4160 1420 4199 ue

170 4231 325 4308 ecclesie,
356 4231 467 4314 ipsam
498 4230 581 4294 totis
609 4229 739 4294 viribus
768 4229 978 4295 affectemus.
1025 4232 1163 4309 Verum,
1193 4233 1275 4317 quia
1303 4233 1338 4296 in
1351 4209 1473 4348 Ξξῗὲηῗὲἶι

171 4323 392 4390 exhibicione
419 4321 614 4386 litterarum
641 4327 835 4386 vestrarum
862 4323 963 4406 pauci
991 4342 1125 4388 eramus
1153 4331 1338 4408 presentes,
1351 4320 1456 4399 binam.

430 4461 506 4512 1Est
519 4461 636 4514 omitted
652 4475 687 4510 on
701 4461 738 4512 io.
755 4461 833 4512 lsld.
941 4461 1087 4513 ²Dionatr'.
1181 4429 1184 4436 -
