2994 4996
224 473 281 533 188
331 490 397 533 rme
420 490 583 534 nscrsrnn
604 491 645 533 or
667 489 878 534 ARCHBISHOP
899 489 1046 532 wrmmu
1068 488 1269 533 wrcxwaun

56 650 93 690 F0·
107 649 167 690 ¹⁴⁸d·
221 662 284 706 nec
303 641 437 706 litteras
458 641 532 706 illas
553 641 740 718 habebant,
761 662 824 706 nec
844 641 923 705 dolo
943 640 1115 725 possidere
1135 640 1318 727 desierant,
1340 647 1381 706 ut

222 733 394 810 dicebant,
417 733 552 797 fidelem
574 739 691 798 tamen
713 734 929 818 diligenciam
950 754 1012 817 pro
1034 733 1081 798 eis
1103 732 1324 816 adquirendis
1345 753 1381 798 se

148 902 152 910 Ι
221 824 435 890 exhibituros
454 825 729 909 promittebant;
769 847 836 909 que
856 825 972 889 omnia
991 825 1136 909 prestito
1155 825 1381 889 firmaverant

13 914 17 919 ’
55 901 190 1001 ξξέἓξὲἓὲῐς
221 917 442 1000 corporaliter
454 918 661 1002 juramento
708 918 939 1001 Transcripta,
955 924 1083 994 tamen,
1098 917 1304 994 litterarum,
1319 937 1381 1001 per

54 1001 168 1092 {ssffiby
220 1009 414 1092 predictum
435 1010 577 1074 fratrem
598 1009 807 1074 Willelmum
828 1010 1103 1093 impetratorum,
1126 1016 1161 1073 et
1182 1028 1380 1092 processum

55 1102 145 1142 crana.
220 1101 255 1164 in
273 1107 372 1184 parte
390 1122 505 1165 coram
524 1101 624 1166 dictis
642 1101 769 1166 abbate
787 1107 822 1165 et
840 1101 999 1184 Johanne
1017 1101 1225 1166 auctoritate
1242 1100 1380 1179 illarum

219 1192 414 1257 litterarum
447 1193 617 1270 habitum,
651 1194 755 1258 michi
788 1193 1008 1270 exhibebant,
1042 1192 1107 1258 sub
1139 1192 1256 1277 sigillis
1288 1193 1379 1257 bone

219 1285 382 1349 memorie
419 1285 485 1362 W.,
524 1285 710 1349 inmediate
746 1285 992 1369 predecessoris
1029 1285 1107 1362 mei,
1147 1305 1186 1349 ac
1222 1283 1380 1369 magistri

219 1377 361 1454 Thome,
388 1377 618 1441 archidiaconi
642 1376 878 1454 Eboracensis,
903 1377 983 1442 licet
1007 1377 1117 1461 sigilla
1141 1376 1199 1440 illa
1223 1383 1379 1460 tempore

219 1469 443 1533 exhibicionis
478 1469 583 1533 michi
618 1469 709 1534 facte
744 1469 875 1533 dirutal
912 1469 1067 1545 luissent,
1104 1469 1155 1533 ita
1189 1468 1284 1552 quod
1319 1469 1379 1532 vix

218 1560 392 1626 modicum
418 1561 460 1624 de
485 1561 601 1645 sigillis
626 1561 797 1646 integrum
823 1566 1023 1625 remaneret.
1053 1560 1202 1646 Adjecit,
1228 1561 1378 1644 insuper,

54 1655 182 1694 Th0¹0st01³
219 1653 311 1717 idem
330 1653 506 1736 Johannes
525 1674 587 1737 pro
605 1674 651 1730 se,
671 1653 765 1736 quod
783 1659 970 1737 postquam
988 1654 1095 1717 frater
1112 1653 1273 1729 Thomas,
1293 1658 1379 1717 tunc

54 1704 180 1795 &iiiiii
222 1744 330 1826 abbas
359 1746 401 1809 de
429 1745 563 1829 Seleby,
592 1751 713 1810 contra
740 1766 844 1829 quem
872 1744 1071 1829 hujusmodi
1098 1744 1212 1809 littere
1240 1745 1379 1809 fuerant

56 1804 164 1854 supposed
223 1837 229 1848 ,
865 1837 871 1848 ,
1243 1837 1249 1847 ,

56 1867 176 1905 messeneer
220 1843 415 1920 impetrate,
435 1843 469 1901 et
488 1843 608 1901 contra
624 1858 728 1921 quem
747 1843 821 1902 tam
839 1837 952 1901 drctus
970 1837 1078 1901 abbas
1096 1836 1137 1900 de
1156 1837 1279 1913 Pratls,
1299 1843 1377 1914 etc,

56 1906 206 1948 Μῶα·
220 1950 326 2012 quam
366 1929 479 1994 dictus
518 1930 704 2013 Johannes,
744 1930 939 1994 litterarum
978 1929 1130 2012 ipsamm
1170 1928 1379 1993 auctoritate

219 2027 466 2104 processerant,
491 2027 531 2085 ut
555 2021 726 2098 dicebant,
751 2021 884 2085 litteras
907 2021 999 2105 ipsas
1022 2021 1108 2085 falso
1132 2020 1319 2084 fabricatas
1343 2028 1378 2085 et

220 2112 262 2176 de
287 2113 373 2177 falso
398 2119 574 2196 suspectas
598 2120 824 2197 proposuerat
848 2134 964 2178 coram
989 2113 1046 2190 eiS,
1072 2112 1164 2190 idem
1189 2112 1377 2195 Johannes,

219 2204 352 2269 litteras
375 2205 467 2288 ipsas
489 2205 537 2269 sic
559 2211 736 2288 suspectas
758 2205 906 2282 cuidam,
930 2205 1029 2289 cujus
1051 2225 1177 2268 nomen
1192 2204 1377 2288 ignoravit,

220 2303 260 2361 ut
289 2296 437 2374 dicebat,
466 2297 526 2380 qui
555 2303 672 2361 tamen
700 2318 735 2361 se
764 2318 835 2362 esse
863 2297 1028 2362 nuncium
1056 2297 1140 2361 dicti
1168 2296 1306 2361 abbatis
1335 2296 1378 2360 de

221 2388 344 2466 Pratis,
379 2389 583 2473 Leycestrie,
617 2389 802 2467 asserebat,
836 2389 929 2454 bona
961 2389 1028 2452 fide
1061 2389 1263 2466 tradiderat,
1297 2387 1379 2453 Sedi

220 2479 416 2564 Apostolice
441 2481 699 2564 presentandas‚
725 2488 765 2545 ut
789 2482 934 2546 nuncius
959 2481 1014 2545 ille
1038 2481 1161 2546 Sedem
1186 2480 1380 2552 consuleret,

221 2573 365 2637 eandem
391 2593 495 2656 super
517 2573 641 2638 litteris
667 2574 876 2650 memoratis,
903 2593 965 2637 nec
989 2573 1123 2638 litteras
1148 2572 1240 2656 ipsas
1267 2572 1311 2636 ab
1337 2592 1377 2636 eo

221 2671 375 2748 tempore
407 2672 591 2748 receperat,
624 2666 679 2728 vel
710 2666 890 2742 habuerat,
923 2672 958 2730 et
989 2665 1054 2729 hoc
1085 2665 1149 2730 sub
1179 2665 1377 2749 juramento

57 2764 175 2864 {gqgffied
220 2757 365 2840 prestito
386 2757 530 2821 firmiter
551 2757 734 2822 asserebat.
782 2758 942 2834 Demum,
965 2763 1005 2821 ut
1027 2756 1215 2821 deliberato
1237 2756 1378 2821 consilio

57 2870 80 2906 to
90 2867 139 2914 Jan·
151 2867 169 2904 ⁵-
219 2849 438 2932 procederem
457 2849 492 2913 in
511 2850 682 2932 premissis
701 2856 736 2914 et
754 2849 950 2914 ulteriorem
969 2849 1152 2914 veritatem
1171 2849 1378 2932 inquirerem

220 2941 262 3004 de
287 2941 424 3018 eisdem,
450 2941 540 3005 diem
564 2942 680 3018 alium,
705 2941 875 3018 videlicet,
900 2963 1009 3005 nonas
1033 2941 1199 3025 Januarii,
1224 2939 1378 3006 indicto

220 3033 373 3097 manerio
397 3034 439 3097 de
464 3033 619 3111 Cawode,
644 3033 798 3117 predicto
823 3033 1036 3117 procuratori
1060 3033 1144 3097 dicti
1169 3032 1317 3109 abbatis
1342 3039 1378 3096 et

221 3125 360 3189 domino
378 3146 440 3189 suo
459 3125 579 3190 abbati
596 3126 632 3189 in
649 3146 794 3209 persona
812 3125 966 3210 ejusdem
984 3124 1225 3209 procuratoris
1244 3124 1377 3208 prefixi,

222 3217 266 3281 ad
292 3217 560 3301 presentandum
574 3238 609 3282 se
623 3239 738 3282 coram
752 3238 818 3294 me,
833 3224 868 3282 et
882 3217 1078 3282 faciendum
1091 3238 1131 3281 ac
1145 3215 1378 3299 recipiendum

221 3309 315 3392 quod
327 3309 466 3394 justicia
479 3309 638 3374 suaderet
654 3332 661 3386 ;
689 3310 836 3374 eundem
849 3330 987 3393 quoque
1001 3309 1143 3373 fratrem
1156 3308 1376 3384 Willelmum,
1447 3353 1449 3360 ι

220 3401 415 3466 litterarum
427 3401 626 3486 hujusmodi
638 3402 907 3485 impetratorem,
922 3401 981 3484 qui
994 3401 1039 3466 ad
1050 3407 1166 3485 partes
1178 3399 1378 3464 monasterii

56 3524 160 3564 sumes.
221 3493 273 3557 sui
294 3493 335 3557 de
354 3493 478 3578 Seleby
497 3499 649 3557 recenter
667 3500 821 3570 venerat,
841 3500 881 3558 ut
902 3493 1091 3569 dicebatur,
1111 3493 1210 3557 citari
1229 3493 1376 3556 feceram

57 3575 125 3613 worth
135 3575 191 3613 cited

57 3625 198 3664 ,ndoffimd
221 3585 459 3668 peremptorie,
494 3585 588 3669 quod
621 3586 783 3669 predictis
817 3585 963 3650 termino
997 3591 1032 3649 et
1065 3585 1139 3648 loco
1173 3605 1288 3649 coram
1322 3603 1377 3647 me

57 3675 198 3723 aurugine
221 3683 444 3760 compareret,
473 3677 607 3742 litteras
635 3678 817 3761 predictas
848 3677 1002 3761 predicto
1031 3676 1151 3741 abbati
1180 3676 1222 3739 de
1252 3675 1376 3753 Pratis,

56 3727 136 3765 letters.

220 3769 424 3853 Leycestrie,
452 3791 492 3834 ac
519 3769 673 3853 predicto
700 3770 864 3854 magistro
891 3769 1043 3852 Johanni
1070 3769 1227 3845 directas,
1255 3774 1290 3832 et
1317 3787 1378 3851 per

220 3861 366 3925 eundem
382 3861 524 3925 fratrem
539 3862 604 3938 W.,
621 3868 661 3926 ut
677 3862 812 3938 dicitur,
830 3862 1043 3944 impetratas,
1060 3860 1088 3924 si
1103 3861 1218 3924 forsan
1233 3859 1377 3924 haberet

219 3952 367 4029 easdem,
395 3953 541 4017 fideliter
568 3954 792 4018 exhibiturus.
841 3953 1017 4030 PredictiS,
1045 3973 1138 4029 vero,
1166 3952 1313 4016 termino
1341 3959 1377 4015 et

218 4045 293 4109 loco
318 4045 419 4109 dictis
444 4045 571 4110 abbate
597 4052 631 4110 et
657 4045 826 4128 Johanne,
853 4045 991 4122 abbate,
1018 4044 1188 4121 videlicet,
1214 4064 1275 4128 per
1299 4063 1377 4127 pro·
1443 4105 1445 4110 .

219 4143 423 4213 curatorem,
449 4158 489 4202 ac
512 4137 671 4220 Johanne
694 4138 928 4222 personaliter,
953 4157 1068 4201 coram
1092 4156 1146 4200 me
1169 4135 1378 4220 judicialiter

220 4228 428 4306 constitutis,
459 4229 613 4313 predicto
630 4231 736 4294 fratre
752 4229 921 4293 Willelmo
938 4250 973 4294 se
990 4228 1240 4294 contumaciter
1256 4226 1377 4292 absen-

220 4326 328 4398 tante,
351 4320 442 4384 idem
463 4328 665 4405 procurator
685 4329 720 4386 et
742 4322 928 4405 Johannes
951 4320 1086 4385 assidue
1107 4319 1262 4404 requisiti
1282 4318 1378 4402 quod

219 4411 352 4477 litteras
365 4412 456 4496 ipsas
469 4413 681 4491 exhiberent,
689 4413 942 4498 respondebant
955 4413 1095 4492 omnino
1107 4418 1211 4496 prout
1224 4411 1380 4496 superius

618 4529 628 4561 1
639 4529 745 4580 Dirrita
758 4543 795 4578 on
806 4530 876 4579 both
890 4529 977 4578 iolios.
