2994 4996
167 425 225 499 258
277 440 343 484 THE
366 438 530 484 REGISTER
551 436 592 482 OF
615 436 827 482 ARCHBISHOP
848 436 997 482 WILLIAM
1018 436 1218 482 WICKWANE.

168 595 232 677 316
262 595 389 672 marks
423 594 544 678 “quas
574 594 720 677 predicti
750 600 956 658 mercatores
987 593 1086 658 nobis
1116 593 1327 660 tenebantur

168 688 298 753 solvere
333 707 394 770 per
428 685 634 750 mandatum
670 685 839 750 sociorum
874 686 934 769 qui
968 706 1102 750 moram
1137 692 1245 771 agunt
1282 687 1327 751 ad

168 779 305 845 Curiam
329 778 560 842 Romanam.”

6 904 43 944 ro.
56 905 101 943 128.
212 871 287 954 637.
335 870 442 934 Nonis
474 869 559 953 Julii
592 869 689 954 (July
720 873 766 953 7),
802 869 896 935 1280.
943 869 1089 954 Thorpe.
1136 869 1247 935 Grant
1278 872 1327 956 by

168 963 227 1028 the
248 962 453 1045 archbishop
473 969 510 1026 to
530 960 584 1026 Sir
603 961 696 1044 John
717 961 759 1025 de
780 961 1003 1046 Metingham,
1025 962 1127 1039 clerk,
1148 963 1185 1026 of
1204 964 1284 1029 aoli.
1307 985 1328 1028 a

168 1076 260 1139 year,
271 1054 419 1138 payable
430 1053 636 1138 hall-yearly
646 1054 681 1118 in
691 1053 744 1118 his
754 1053 872 1138 palace
883 1060 920 1118 at
931 1053 1038 1131 York,
1050 1054 1139 1119 until
1149 1054 1192 1118 he
1202 1055 1327 1122 should

168 1147 210 1212 be
232 1146 400 1231 provided
422 1151 459 1210 to
482 1165 503 1210 a
524 1145 641 1229 fitting
662 1145 848 1229 prebendal
870 1145 1030 1223 benefice,
1049 1147 1260 1231 “cupientes
1283 1148 1328 1213 ob

170 1239 399 1303 reverenciam
423 1237 626 1302 serenissimi
651 1237 780 1301 domini
804 1237 924 1312 nostri,
950 1238 1080 1302 domini
1104 1239 1202 1323 regis,
1227 1240 1328 1324 cujus

169 1331 308 1395 clericus
330 1350 401 1395 esse
423 1329 616 1406 dinosceris,
639 1335 674 1393 te
696 1329 813 1393 lavore
833 1329 945 1414 gracie
965 1330 1121 1413 specialis
1141 1331 1329 1397 liberaliter

169 1423 357 1507 prevenire,
380 1427 439 1486 tue
459 1421 588 1505 pariter
607 1421 791 1504 probitatis
811 1422 945 1499 merita,
967 1422 1104 1505 quibus,
1125 1429 1166 1488 ut
1186 1423 1328 1508 fidedig-

170 1536 293 1579 norum
328 1513 525 1578 testimonio
560 1513 759 1596 recepimus,
795 1513 1031 1597 multipliciter
1065 1515 1327 1594 commendaris,

170 1607 372 1691 propensius
395 1605 649 1670 attendentes.”
1247 1665 1253 1676 ,

7 1708 114 1758 orantbv
214 1698 327 1763 didus
343 1697 424 1761 Maii
440 1698 535 1782 (May
552 1701 617 1776 ro),
636 1697 731 1762 1280.
779 1696 882 1781 Apud
896 1697 1103 1764 Eboracum.
1151 1699 1329 1765 Universis

9 1761 45 1799 the
56 1760 128 1798 atchb.

7 1809 139 1908 gqqqqqp
170 1797 288 1855 sancte
303 1789 424 1854 matris
440 1789 577 1854 ecclesie
592 1789 680 1865 filiis,
697 1789 742 1853 ad
756 1810 844 1873 quos
858 1791 1052 1872 pervenerit
1067 1791 1131 1856 hec
1145 1792 1327 1876 scriptura,

7 1910 143 1959 lampenas
170 1883 235 1960 W,
261 1882 492 1967 permissione,
519 1889 595 1957 etc,
621 1881 768 1946 salutem
792 1882 828 1944 in
852 1882 1002 1946 Auctore
1026 1883 1157 1948 salutis.
1204 1883 1329 1949 Atten-

7 1961 130 2061 {lfg's‘fossfol
171 1974 291 2039 dentes
314 1974 441 2038 devota
465 1973 595 2036 domini
618 1973 787 2056 Johannis
810 1973 852 2037 de
876 1973 1099 2058 Metingham,
1124 1976 1330 2041 serenissimi

6 2061 158 2159 {ngg‘ffi
171 2066 301 2131 domini
321 2065 429 2129 nostri
450 2065 536 2149 regis
556 2064 677 2142 clerici,
699 2065 873 2149 obsequia,
895 2087 936 2130 ac
955 2066 1076 2131 votiva
1096 2074 1131 2132 et
1151 2068 1330 2134 fructifera

8 2161 100 2251 {⁰523
171 2158 332 2223 utilitatis
367 2177 471 2241 opera
517 2156 642 2240 quibus
677 2157 852 2221 ecclesiam
886 2164 1041 2222 nostram
1075 2159 1329 2225 Eboracensem

8 2261 112 2351 ggqqqq
170 2250 296 2335 jugiter
310 2249 463 2313 noscitur
475 2249 652 2332 prevenire
668 2272 675 2326 ;
704 2256 756 2314 set
771 2256 805 2314 et
820 2250 1045 2334 pregrandem
1060 2251 1197 2316 ecclesie
1212 2258 1329 2318 nostre

8 2361 110 2411 provided
124 2365 146 2400 to
170 2342 400 2425 ponderantes
416 2341 656 2405 necessitatem
673 2362 742 2424 qua
759 2341 838 2405 talis
855 2348 889 2406 et
906 2348 1005 2406 tante
1021 2363 1163 2426 persone
1180 2345 1329 2428 presidio

7 2412 133 2462 apseb‘nd'
170 2433 331 2498 continue
349 2433 551 2517 indigemus,
571 2433 615 2496 ob
633 2432 829 2497 evidentem
848 2434 953 2517 ipsius
971 2434 1108 2498 ecclesie
1126 2427 1327 2514 utilitatem,

170 2527 252 2610 quin
272 2525 391 2608 pocius
410 2524 660 2601 necessitatem,
682 2525 724 2613 de
744 2525 903 2589 concordi
923 2532 958 2590 et
977 2527 1132 2591 unanimi
1152 2527 1274 2593 decani
1293 2535 1328 2594 et

169 2617 311 2701 capituli
327 2616 436 2681 nostri
453 2636 603 2692 assensu,
622 2616 731 2680 eidem
749 2617 901 2700 Johanni
918 2618 1002 2682 xxii.
1021 2640 1154 2684 annuas
1171 2619 1213 2684 de
1230 2620 1330 2686 bonis

169 2710 323 2793 ejusdem
340 2709 488 2784 ecclesie,
506 2729 566 2791 per
582 2729 705 2773 manus
722 2715 858 2773 nostras
881 2716 915 2774 et
938 2731 1171 2776 successorum
1193 2718 1329 2779 nostro-

172 2822 247 2865 rum
263 2807 337 2865 tam
353 2800 412 2864 diu
427 2800 625 2864 ordinamus
639 2801 885 2885 percipiendas
897 2801 1021 2887 donec
1038 2803 1148 2867 eidem
1176 2805 1330 2887 Johanni

170 2893 204 2956 in
216 2893 380 2956 beneficio
393 2892 591 2976 prebendali
603 2913 663 2975 per
674 2913 737 2957 nos
749 2900 810 2957 aut
823 2893 960 2958 eosdem
972 2915 1181 2961 successores
1192 2904 1330 2963 nostros

169 2985 345 3069 provisum
359 2984 462 3048 luerit
475 2985 696 3067 competenti.
743 2986 820 3049 Hac
833 2985 953 3050 eadem
966 2987 1184 3052 ordinacione
1197 2996 1329 3069 nostra,

169 3096 336 3141 consensu
361 3075 593 3160 predictorum
619 3076 739 3141 decani
764 3084 798 3142 et
823 3078 966 3161 capituli
990 3079 1200 3145 unanimiter
1224 3081 1331 3148 inter-

169 3169 340 3246 veniente,
371 3173 566 3233 statuentes
596 3173 631 3232 et
662 3168 860 3234 ordinantes
890 3170 984 3253 quod
1014 3172 1177 3257 magister
1212 3174 1255 3239 R.
1289 3175 1332 3240 de

170 3260 454 3344 Schartheburge,
490 3260 736 3343 prebendarius
758 3261 930 3345 prebende
953 3262 995 3325 de
1020 3264 1267 3350 Knaresburg’,
1291 3288 1332 3332 ac

170 3373 288 3417 omnes
304 3358 338 3416 et
355 3351 478 3436 singuli
494 3352 648 3436 ejusdem
664 3353 835 3435 prebende
851 3354 1067 3437 prebendarii
1082 3376 1170 3439 quos
1185 3359 1332 3441 preben-

170 3445 251 3508 dam
274 3444 418 3508 eandem
440 3443 566 3507 habere
588 3445 769 3528 contigerit
792 3445 826 3509 in
849 3446 1017 3523 futurum,
1041 3468 1120 3512 cum
1142 3450 1333 3516 eorundem

171 3543 294 3620 agatur
309 3536 453 3612 utilitas,
471 3535 590 3612 honor,
608 3542 643 3599 et
659 3537 824 3601 securitas
840 3537 875 3601 in
892 3538 957 3602 hac
972 3545 1082 3623 parte,
1100 3539 1143 3604 de
1159 3541 1334 3609 fructibus

170 3628 323 3712 ejusdem
343 3627 515 3711 prebende
534 3627 633 3692 nobis
652 3635 687 3693 et
706 3630 956 3695 successoribus
974 3631 1100 3696 nostris
1118 3653 1182 3716 pro
1201 3634 1333 3701 releva-

169 3721 281 3785 cionel
301 3720 412 3784 oneris
429 3719 601 3803 pensionis
618 3719 818 3805 hujusmodi
835 3721 877 3785 de
895 3722 1058 3806 predictis
1075 3724 1159 3789 xxii.
1179 3725 1215 3790 in
1234 3727 1334 3794 festis

171 3813 271 3876 Beati
290 3812 464 3876 Michaelis
483 3818 517 3876 et
537 3812 641 3876 Pasce
660 3833 722 3897 pro
741 3813 960 3896 porcionibus
978 3815 1157 3899 equalibus
1176 3822 1253 3883 tam
1272 3819 1333 3886 diu

171 3904 400 3987 respondeant
422 3925 462 3968 ac
484 3904 699 3969 satisfaciant
722 3906 914 3983 annuatim,
938 3905 1047 3971 donec
1068 3927 1148 3992 erga
1168 3909 1333 3977 clericum

170 4003 399 4060 memoratum
419 3996 460 4059 de
478 3997 640 4080 pensione
658 3997 823 4081 premissa
841 3999 980 4062 omnino
999 3999 1163 4065 fuerimus
1180 4001 1332 4084 liberati,

170 4089 220 4152 ita
229 4088 323 4172 quod
335 4087 577 4171 prebendarios
593 4089 684 4172 ipsos
700 4109 761 4172 per
784 4110 1039 4174 quamcumque
1064 4091 1333 4162 ecclesiasticam

170 4200 349 4244 censuram
385 4179 431 4244 ad
466 4180 674 4244 solucionem
710 4181 909 4265 hujusmodi
945 4183 1074 4267 absque
1110 4204 1333 4274 quocumque

170 4272 318 4355 strepitu
333 4271 487 4356 judiciali
503 4277 576 4336 tam
592 4293 776 4357 nosquam
791 4275 900 4338 nostri
916 4295 1125 4340 successores
1150 4278 1332 4346 cohercere

170 4371 205 4431 et
223 4364 424 4447 compellere
443 4365 630 4428 valeamus.
678 4366 719 4429 In
738 4367 978 4449 premissorum
998 4368 1238 4434 testimonium
1256 4379 1332 4438 tam

505 4479 699 4529 lRelevacionis
743 4481 852 4531 Correct
866 4495 901 4528 on
916 4481 952 4530 tc.
969 4482 1027 4532 128.
