2994 4996
223 485 289 530 THE
312 485 475 531 REGISTER
496 485 537 530 OF
559 483 770 531 ARCHBISHOP
791 486 939 531 WILLIAM
960 485 1161 532 wchWANE.
1211 467 1268 544 165

114 638 221 703 cionis
241 638 393 723 predicte
414 638 630 715 excercenda
653 659 694 704 ac
714 645 754 704 ut
775 646 973 723 suspectum
994 659 1122 716 recus0,
1144 659 1207 722 pro
1229 658 1269 702 eo

115 730 210 814 quod
235 751 298 795 vos
332 730 387 814 jus
413 728 513 795 vobis
548 730 658 794 dicere
692 731 850 796 nitemini
887 731 922 795 in
957 730 1131 796 visitando
1157 730 1269 795 dictas

114 821 293 887 civitatem
313 828 348 887 et
368 821 540 898 diocesim,
562 822 656 905 quod
674 823 789 888 nullus
808 828 924 907 potest
943 822 1008 887 sibi
1027 821 1063 887 in
1083 843 1145 887 sua
1164 842 1269 887 causa

115 914 247 990 facere;
287 921 321 978 et
340 913 434 997 quod
453 913 487 977 in
506 913 716 997 possessione
735 915 800 979 hoc
819 914 968 979 faciendi
986 935 1056 979 non
1075 913 1167 991 estis,
1189 934 1268 978 cum

115 1026 178 1070 nec
201 1026 274 1082 vos,
300 1025 363 1069 nec
387 1005 509 1089 aliquis
533 1005 809 1089 predecessorum
833 1013 1037 1083 vestrorum,
1062 1006 1126 1069 hec
1149 1005 1268 1072 fecisse

115 1097 395 1181 comprobemini,
420 1103 472 1162 set
497 1096 606 1162 clerus
630 1104 664 1163 et
689 1098 836 1182 populus
861 1098 1032 1163 dictarum
1056 1097 1208 1163 civitatis
1233 1102 1267 1162 et

116 1189 280 1273 dyocesiS,
297 1210 318 1252 a
331 1195 485 1272 tempore
500 1211 552 1273 cu]
558 1210 598 1254 us
612 1190 822 1255 contrarium
836 1210 905 1254 non
920 1195 1018 1255 extat
1032 1189 1207 1266 memoria,
1223 1189 1267 1254 ab
1282 1241 1334 1282 Mb.
1336 1245 1415 1284 mn

116 1280 314 1365 hujusmodi
331 1281 531 1346 visitacione
548 1281 593 1346 sit
610 1281 696 1346 liber
713 1282 774 1347 et
766 1282 937 1346 immunis
984 1282 1031 1345 Et
1048 1287 1130 1384 peto
1148 1286 1188 1346 ut
1205 1301 1267 1345 vos
1283 1292 1435 1336 annm.

116 1393 251 1437 mecum
266 1373 503 1450 communiter,
518 1373 573 1437 vel
588 1373 654 1437 alio
668 1373 783 1451 mod0,
799 1374 946 1439 arbitros
960 1373 1115 1458 eligatis
1107 1372 1268 1438 informa

115 1464 210 1548 juris,
234 1465 294 1548 qui
316 1465 359 1528 de
382 1464 579 1549 hujusmodi
601 1465 801 1549 suspicionis
824 1486 927 1530 causa
949 1471 1166 1550 cognoscant.
1212 1464 1268 1528 Ad

116 1556 221 1640 quod,
238 1563 272 1622 et
288 1556 396 1620 eciam
412 1556 456 1621 ad
481 1556 699 1640 probandum
714 1557 915 1641 suspicionis
929 1577 1080 1634 causam,
1096 1563 1268 1640 quatenus

117 1648 151 1711 in
168 1648 261 1713 iacto
276 1648 443 1725 consistit,
461 1669 540 1712 curn
556 1648 676 1713 arbitri
691 1648 790 1714 electi
806 1649 943 1726 fuerint,
960 1647 1098 1713 nomine
1114 1647 1268 1713 domino-

117 1761 193 1804 rum
208 1759 362 1804 meorum
377 1746 411 1805 et
426 1761 487 1824 pro
502 1739 594 1823 ipsis,
604 1741 679 1805 loco
690 1748 724 1805 et
734 1747 889 1824 tempore
903 1739 1092 1824 oportunis,
1107 1739 1268 1804 informa

118 1832 202 1916 juris
236 1831 341 1896 offero
374 1852 429 1895 me
472 1838 657 1915 paratum3
701 1853 722 1896 a
754 1831 918 1917 premissa
951 1830 1166 1896 recusacione
1198 1852 1268 1896 non

117 1922 315 2000 recedend0,
352 1944 424 2008 eg0,
460 1930 661 2007 procurator
694 1923 878 2008 predictus,
913 1930 1095 2008 protestor,
1130 1922 1268 1988 nomine

117 2015 336 2079 dominorum
357 2036 512 2079 meorum
540 2015 783 2099 predictorum,
813 2035 868 2080 me
895 2016 1021 2080 habere
1049 2015 1269 2099 excepciones

117 2106 250 2171 validas
265 2114 299 2171 et
314 2107 466 2171 efficaces
480 2128 542 2191 pro
556 2108 631 2171 loco
646 2114 680 2173 et
695 2114 849 2191 tempore
863 2114 984 2173 contra
997 2128 1070 2185 VOS,
1086 2106 1269 2171 reverende

117 2205 226 2283 pater,
254 2204 288 2263 et
315 2205 466 2263 vestram
491 2199 728 2264 visitacionem
754 2199 944 2283 predictam
970 2198 1209 2284 proponendas
1234 2199 1270 2263 in

119 2291 228 2354 [orma
244 2311 311 2374 que
328 2291 483 2374 sequitur
498 2313 551 2355 :—

161 2382 374 2466 Excipiendo
411 2403 566 2467 propono
604 2403 676 2469 ego,
716 2390 917 2468 procurator
945 2383 1024 2448 cleri
1053 2381 1206 2448 civitatis
1235 2389 1270 2448 et
1286 2407 1426 2458 exceptione

118 2474 272 2558 dyocesis
313 2474 606 2552 Dunelmensium,
649 2481 769 2540 contra
810 2495 884 2553 VOS,
926 2475 1119 2539 venerande
1160 2479 1269 2558 pater,

117 2565 254 2629 domine
283 2565 348 2642 W,
390 2566 454 2630 Dei
482 2566 595 2651 gracia
623 2567 874 2631 Eboracensem
903 2566 1205 2671 archiepiscopum,
1235 2572 1270 2631 et
1284 2557 1379 2658 ἓξὲξ
1395 2559 1436 2609 ‘⁸¹’

120 2663 270 2722 vestram
292 2658 529 2722 visitacionem
551 2679 657 2742 quam
680 2659 790 2723 facere
812 2658 1021 2724 intenditis
1013 2679 1048 2723 1n
1071 2656 1212 2723 civitate
1235 2664 1271 2723 et
1284 2657 1403 2757 &mg

117 2749 255 2835 dyocesi
283 2749 581 2827 DunelmensibuS,
610 2750 704 2834 quod
732 2771 794 2815 vos
823 2750 903 2816 ad
894 2770 1005 2835 ipsam
1033 2749 1270 2815 visitacionem
1284 2739 1417 2809 retv'isitott

117 2841 362 2905 excercendam
389 2842 570 2925 procedere
596 2862 666 2906 non
693 2842 838 2926 potestis
865 2862 928 2907 nec
955 2842 1033 2907 de
1023 2862 1099 2927 Jure
1126 2841 1269 2920 debetis,

118 2939 233 2998 vestro
248 2933 411 3016 capitu10,
428 2933 580 3010 civitate,
597 2940 631 2998 et
648 2933 785 3019 dyocesi
800 2933 1072 2999 Eboracensibus
1087 2954 1157 2998 non
1171 2933 1270 3017 plene

120 3024 278 3102 visitatis
310 3045 372 3089 nec
402 3025 517 3109 aliqua
546 3026 754 3112 negligencia
783 3025 966 3110 dyocesani
994 3024 1060 3091 loci
1089 3025 1196 3109 ipsius
1225 3024 1270 3090 ad

117 3123 269 3182 vestram
284 3117 463 3181 nocionem
478 3117 655 3201 perducta,
672 3117 770 3202 cujus
786 3118 932 3183 obtentu
948 3117 984 3182 in
999 3117 1111 3183 forma
1124 3116 1209 3201 juris
1225 3116 1270 3183 ad

118 3209 331 3272 visitandum
349 3209 458 3273 dictas
476 3209 654 3274 civitatem
672 3216 706 3275 et
725 3208 898 3294 dyocesim
915 3208 1096 3294 procedere
1113 3208 1269 3293 possetis

120 3300 183 3364 etsi
198 3300 233 3363 in
247 3301 456 3384 possessione
471 3300 561 3365 dicte
576 3301 785 3366 visitacionis
800 3301 928 3380 essetis
943 3301 1038 3385 quod
1051 3321 1170 3366 non
1134 3300 1170 3365 f
1171 3305 1256 3366 teor

164 3392 264 3469 Item,
293 3392 492 3476 excipiendo
519 3413 674 3478 propono
700 3392 805 3477 quod,
834 3392 898 3458 etsi
925 3391 1118 3458 visitacioni
1144 3398 1270 3457 metro·
1284 3412 1330 3453 ne
1337 3411 1422 3503 omos

119 3483 266 3568 politice,
283 3483 399 3567 quoad
414 3485 541 3548 clerum
566 3484 804 3550 Dunelmensis
827 3484 980 3570 dyocesis
995 3483 1160 3561 faciende,
1176 3461 1416 3555 locusormnm
1337 3462 1428 3513 ‘m'

119 3582 218 3652 esset,
250 3596 323 3652 vos
355 3576 533 3640 dominum
564 3576 866 3661 archiepiscopum,
897 3583 1015 3642 tamen
1045 3575 1091 3641 ad
1120 3595 1268 3660 presens,
1283 3562 1382 3704 3332?

119 3667 311 3752 dyocesano
324 3674 442 3731 nostro
457 3668 625 3752 episcopo,
640 3667 810 3746 videlicet,
822 3667 1054 3746 Dunelmensi,
1065 3662 1350 3752 acejusdemseb
1283 3692 1364 3755 mg,
1373 3711 1426 3755 vm,

119 3759 211 3842 capit
197 3758 270 3823 tulo
289 3759 443 3823 nondum
463 3759 622 3837 visitatis
643 3760 687 3824 ad
706 3759 923 3825 ecclesiarum
942 3765 1138 3825 nostranrm
1155 3759 1337 3856 singu-²1¹0ebur
1336 3813 1393 3856 aa

118 3850 242 3915 larium
277 3849 513 3915 visitacionem
549 3851 755 3918 auctoritate
789 3851 1042 3936 metropolitica
1075 3850 1269 3918 faciendam

119 3942 229 4006 admit
215 3948 302 4006 ttere
321 3963 390 4007 non
410 3949 576 4020 tenemur,
597 3963 659 4008 nec
678 3964 740 4008 nos
759 3943 804 4008 ad
823 3943 1014 4027 predictam
1031 3941 1269 4010 visitacionem

119 4034 370 4118 suscipiendam
390 4035 460 4098 de
450 4055 525 4119 Jure
544 4035 744 4120 compellere
763 4034 918 4120 potestis,
938 4054 1001 4101 nec
1019 4034 1162 4100 debetis.

164 4126 197 4190 lt
183 4132 265 4203 tem,
286 4146 365 4190 cum
384 4126 492 4191 clerus
511 4127 662 4192 civitatis
682 4134 717 4193 et
737 4127 891 4212 dyocesis
911 4126 1194 4192 Dunelmensium
1212 4124 1270 4191 illa
1281 4143 1327 4184 The
1339 4144 1412 4196 clero

119 4218 286 4282 hactenus
313 4217 358 4282 sit
385 4219 523 4303 gavisus
549 4218 715 4285 libertate
736 4218 899 4303 plenaria,
927 4225 968 4285 ut
994 4218 1089 4284 nullo
1115 4194 1414 4302 unquamnbllm

120 4315 273 4392 tempore
298 4310 420 4394 aliquis
444 4310 668 4375 Eboracensis
692 4309 998 4414 archiepiscopus
989 4330 1025 4376 rn
1048 4309 1269 4395 possessione,
1282 4292 1426 4396 ΜΝ

123 4401 179 4465 vel
204 4401 313 4485 quasi,
331 4402 483 4468 extiterit
499 4403 709 4468 visitacionis
735 4401 918 4469 officium
909 4422 945 4468 rn
971 4402 1118 4469 eundem
1143 4400 1272 4467 clerum
1283 4395 1357 4438 “⁰¹²''

124 4493 332 4571 excercendi,
354 4501 405 4560 set
427 4515 448 4559 a
468 4500 621 4580 tempore
642 4494 857 4562 fundacionis
876 4494 1014 4562 ecclesie
1034 4492 1273 4561 Dunelmensis
