2994 4996
253 453 311 515 218
361 469 427 514 THE
450 469 613 515 REGISTER
634 469 676 514 OF
697 467 908 514 ARCHBISHOP
929 467 1077 513 WILLIAM
1098 467 1299 514 WICKWANE.

251 623 345 707 quod
368 642 603 707 quoscumque
618 626 734 686 nostre
750 621 915 706 dyocesis,
932 621 991 705 qui
1007 626 1177 706 pretextu
1191 621 1407 705 quindecime

249 715 305 780 vel
344 715 504 780 vicesime
543 719 663 779 taxate
702 714 738 777 in
777 714 864 798 regis
903 713 1131 798 prejudicium
1170 713 1408 780 fraudulenter

250 807 439 892 perjurium
473 808 700 884 incurrerunt,
735 806 909 870 mediante
944 806 1181 871 satisfaccione
1215 806 1406 886 moderata,

249 899 426 964 absolvere
461 899 631 984 possimus
667 899 712 963 ab
747 897 946 982 hujusmodi
981 899 1131 983 perjurio
1168 919 1283 963 coram
1319 899 1404 964 Deo,

175 1061 180 1071 ,
248 991 457 1057 Discrecioni
472 996 586 1056 vestre
601 989 808 1055 mandamus
824 990 989 1075 quatinus
1005 989 1252 1055 archidiaconis
1267 992 1405 1070 nostris,

247 1084 303 1147 vel
327 1104 445 1148 eorum
471 1082 683 1160 officialibus,
709 1082 898 1166 injungatis
923 1088 963 1167 ut
988 1102 1049 1166 per
1072 1082 1223 1167 singulas
1248 1083 1405 1148 ecclesias

247 1196 387 1240 suorum
401 1175 742 1240 archidiaconatuum
756 1174 861 1238 talem
873 1174 973 1239 nobis
986 1195 1181 1239 concessam
1193 1181 1404 1259 potestatem

246 1268 382 1351 publice
401 1269 531 1333 faciant
551 1267 721 1351 divulgari
737 1289 744 1341 ;
783 1265 967 1331 excitando
986 1266 1144 1331 subditos
1163 1287 1243 1331 suos
1262 1288 1349 1352 quos
1369 1268 1404 1331 in

247 1360 313 1424 hac
329 1365 428 1444 parte
444 1360 558 1424 labem
574 1359 715 1443 perjurii
732 1359 942 1423 contraxisse
959 1359 1151 1443 contigerit,
1169 1359 1264 1443 quod
1281 1359 1326 1424 ad
1341 1381 1404 1424 nos

247 1472 363 1516 secure
394 1452 547 1528 veniant,
564 1457 604 1516 ut
634 1450 861 1535 premisimus,
886 1450 1097 1527 absolvendi,
1124 1471 1167 1515 ne
1188 1451 1403 1516 connivendo

247 1543 514 1628 dampnabiliter
534 1549 688 1628 pereant,
710 1543 794 1607 dum
815 1549 1016 1627 promptum
1037 1549 1192 1627 superest
1214 1543 1402 1609 remedium

247 1636 465 1702 adsalutem.

147 1757 155 1768 ·
289 1728 364 1809 526.
413 1743 452 1809 15
471 1728 538 1792 kal.
557 1728 653 1810 Junii
672 1727 767 1812 (May
785 1726 836 1804 18,
857 1726 966 1808 1282).
1013 1727 1190 1812 Beverley.
1237 1727 1401 1793 Mandate

179 1820 184 1830 '
245 1825 282 1885 to
308 1821 367 1885 the
393 1820 517 1885 official
541 1826 578 1885 to
605 1819 703 1884 allow
729 1819 857 1884 Master
881 1818 1031 1884 William
1057 1819 1099 1884 de
1124 1818 1337 1884 Wederhalle
1363 1825 1401 1885 to

245 1913 405 1978 continue
426 1913 479 1977 his
500 1912 648 1997 custody
668 1912 705 1976 of
725 1912 784 1977 the
805 1912 1057 1995 sequestration
1078 1912 1115 1976 of
1134 1912 1194 1976 the
1215 1912 1343 1977 church
1364 1913 1401 1977 of

246 2004 441 2090 Adinburge
466 2011 503 2069 to
530 2005 589 2069 the
614 2005 703 2069 feast
729 2005 765 2069 oi
790 2003 839 2068 st.
868 2004 964 2088 Lucy
989 2005 1048 2068 the
1073 2003 1192 2088 Virgin
1220 2005 1315 2085 (Dec.
1331 2009 1397 2087 13),

245 2095 454 2161 Wederhalle
473 2097 662 2181 answering
679 2097 732 2161 ior
749 2096 808 2161 the
826 2096 927 2160 value
945 2097 981 2160 oi
998 2096 1057 2160 the
1076 2096 1187 2161 fruits

77 2205 125 2246 sar
134 2208 202 2248 orne
284 2203 359 2273 527
406 2207 426 2273 7
452 2189 519 2254 kal.
547 2189 659 2271 Juniil
687 2187 860 2273 (May26‚
889 2187 998 2270 1282).
1046 2187 1280 2273 Patringtone.
1328 2188 1397 2254 Suo

76 2257 173 2357 {litt
240 2280 385 2346 officiali
432 2282 580 2346 Fructus
602 2280 740 2346 ecclesie
763 2279 805 2344 de
830 2280 965 2365 Rouley
986 2280 1156 2346 instantes
1179 2280 1331 2362 Johanni
1354 2281 1397 2346 de

76 2356 195 2455 effi?
240 2372 407 2452 Hortone,
438 2373 558 2439 clerico
588 2372 704 2437 dilecti
733 2372 832 2437 nobis
862 2371 1007 2437 Gilberti
1036 2371 1079 2436 de
1108 2372 1337 2451 Thometone,
1368 2374 1396 2438 si

74 2457 439 2550 <{Qut²¹1¹lpnusquam
470 2466 533 2534 has
563 2464 696 2529 litteras
728 2464 921 2548 receperitis
951 2484 1013 2549 per
1043 2485 1105 2529 vos
1137 2464 1294 2530 distracti
1324 2486 1394 2530 non

74 2558 127 2650 {gg
133 2571 214 2609 Pers·
238 2557 376 2635 fuerint,
391 2578 452 2642 per
466 2575 512 2621 Χῖ
526 2557 630 2622 libras
644 2557 884 2641 sterlingorum
897 2556 1116 2621 vendidimus
1130 2557 1175 2621 ad
1188 2557 1395 2622 instanciam

236 2649 382 2733 predicti
399 2649 555 2727 Gilberti,
574 2670 677 2734 quem
695 2655 832 2733 gratum
850 2649 970 2733 utique
988 2639 1199 2733 reputamus
1246 2649 1394 2714 Proinde

236 2741 443 2807 volumus
409 2749 443 2806 e
460 2741 666 2806 mandamus
681 2740 776 2825 quod
790 2741 832 2805 de
853 2740 1059 2806 omnimodis
1075 2741 1244 2807 fructibus
1260 2748 1295 2806 et
1316 2762 1393 2826 pro-

236 2834 398 2899 ventibus
418 2834 554 2899 ecclesie
575 2833 729 2912 eiusdem
749 2833 904 2917 predicto
924 2833 1044 2898 clerico
1064 2854 1200 2899 exnunc
1218 2854 1327 2918 usque
1347 2834 1392 2899 ad

235 2927 431 3009 proximum
457 2928 585 2991 festum
611 2926 831 2990 Pentecostes
856 2925 992 2990 faciatis
1017 2926 1229 3010 integraliter
1253 2946 1391 3011 respon-

235 3016 329 3096 deri;
381 3026 535 3083 ammoto
561 3018 606 3082 ab
631 3019 706 3102 ipsa
732 3018 872 3082 ecclesia
897 3039 976 3082 cum
1002 3018 1096 3082 omni
1121 3018 1295 3083 celeritate
1321 3039 1391 3103 qua

234 3111 391 3193 poteritis
428 3110 582 3196 quolibet
619 3111 799 3175 intrusore.
846 3110 913 3174 Pro
950 3110 1133 3175 securitate
1170 3110 1310 3194 quidem
1348 3110 1390 3175 de

234 3202 389 3285 predicta
420 3203 562 3287 pecunie
594 3223 730 3267 summa
760 3202 859 3268 nobis
890 3202 1048 3267 facienda
1079 3203 1233 3267 contenti
1264 3203 1390 3267 erimus

234 3294 328 3378 quod
356 3296 511 3379 prefatus
540 3294 714 3359 Gilbertus
741 3314 802 3379 per
830 3295 997 3379 scriptum
1025 3315 1126 3359 suum
1155 3301 1391 3379 competenter

234 3407 269 3450 se
304 3387 432 3472 obliget
467 3387 561 3472 quod
596 3387 777 3471 pecuniam
812 3387 923 3471 ipsam
947 3386 1098 3452 infestis
1122 3387 1387 3465 PurificacioniS,

235 3478 342 3543 Beate
354 3480 512 3564 Virginis,
527 3485 561 3544 et
574 3479 804 3556 Pentecostes,
817 3479 974 3563 proximo
986 3478 1123 3557 futuris,
1136 3499 1199 3563 pro
1211 3479 1389 3564 equalibus

233 3572 451 3655 porcionibus
471 3572 571 3636 nobis
592 3571 726 3649 solvet;
768 3572 906 3656 proviso
927 3571 1021 3656 quod
1041 3570 1133 3635 idern
1154 3571 1294 3636 clericus
1315 3578 1389 3636 tam

232 3684 336 3728 onera
354 3664 526 3729 ordinaria
543 3685 649 3749 quam
666 3663 939 3728 extraordinaria
955 3663 1069 3728 medio
1087 3660 1241 3748 tempore
1258 3664 1389 3728 incum-

231 3755 352 3821 bencia
373 3757 507 3834 subeat,
530 3762 565 3821 et
586 3756 651 3841 ipsi
673 3756 810 3821 ecclesie
831 3775 892 3840 per
912 3756 1087 3821 ministros
1107 3755 1260 3841 ydoneos
1281 3755 1387 3821 faciat

231 3846 403 3913 deserviri.

68 3971 169 4013 Mandat,
274 3939 348 4021 528.
396 3940 416 4005 8
442 3941 510 4005 kal.
538 3940 634 4023 Junii
661 3940 756 4025 (May
782 3939 973 4021 25‚1282).
1021 3940 1194 4005 Prestone
1242 3939 1387 4005 Officiali

67 4022 189 4112 ¹⁰¹¹¹d¹¹¹¹ss
229 4031 447 4097 Eboracensi.
495 4032 666 4098 Mittimus
708 4033 808 4097 vobis
850 4032 1038 4117 quamdam
1081 4032 1238 4097 cedulam
1280 4053 1386 4117 quam

66 4073 159 4164 SRttunss
159 4125 196 4166 <¹0
228 4144 338 4208 nuper
360 4125 559 4208 recepimus,
583 4125 757 4209 querelam
780 4124 869 4189 illius
891 4125 1104 4190 frustratoris
1128 4124 1170 4188 R.
1195 4123 1237 4188 de
1260 4123 1385 4189 Staun-

67 4173 198 4217 tointereref

65 4223 164 4315 ξῶξξῑ
228 4216 335 4294 forde,
338 4220 353 4260 2
369 4223 409 4281 ut
424 4217 618 4282 eliceret
557 4224 618 4301 pot
621 4217 684 4281 erit
686 4217 725 4295 is,
670 4216 900 4281 tmalivole
916 4216 1160 4281 continentem
1204 4216 1383 4295 Volumus,

66 4324 192 4378 Finninrlev
228 4308 342 4393 igitur,
371 4308 525 4374 relaxato
552 4309 646 4374 omni
672 4315 848 4393 sequestro
875 4315 1047 4393 quatenus
1073 4308 1278 4374 conveniens
1305 4309 1385 4374 esti-

64 4373 156 4419 Chmh‘
227 4401 404 4466 maveritis
426 4423 488 4486 pro
511 4407 665 4487 tempore
687 4407 869 4478 retroact0,
893 4421 962 4465 non
984 4401 1105 4466 sinatis
1126 4422 1205 4466 eum
1228 4400 1385 4466 decetero

326 4517 423 4583 1Jutii.
460 4517 571 4567 Correct
587 4532 623 4567 on
639 4519 676 4570 lo.
693 4519 751 4568 169.
996 4516 1167 4568 ⁹Stanlorde.
1203 4517 1276 4569 Ibid.
1366 4537 1368 4543 ·
