<?xml version="1.0" encoding="UTF-8"?>
<!DOCTYPE html PUBLIC "-//W3C//DTD XHTML 1.0 Transitional//EN"
    "http://www.w3.org/TR/xhtml1/DTD/xhtml1-transitional.dtd">
<html xmlns="http://www.w3.org/1999/xhtml" xml:lang="en" lang="en">
 <head>
  <title>
</title>
<meta http-equiv="Content-Type" content="text/html;charset=utf-8" />
  <meta name='ocr-system' content='tesseract 3.04.00' />
  <meta name='ocr-capabilities' content='ocr_page ocr_carea ocr_par ocr_line ocrx_word'/>
</head>
<body>
  <div class='ocr_page' id='page_1' title='image "./registerwilliam00wickgoog_0352.png"; bbox 0 0 823 1331; ppageno 0'>
   <div class='ocr_carea' id='block_1_1' title="bbox 174 159 699 178">
    <p class='ocr_par' dir='ltr' id='par_1_1' title="bbox 174 159 699 178">
     <span class='ocr_line' id='line_1_1' title="bbox 174 159 699 178; baseline 0.002 -5"><span class='ocrx_word' id='word_1_1' title='bbox 174 162 207 173; x_wconf 68' lang='lat' dir='ltr'>&#39;rmz</span> <span class='ocrx_word' id='word_1_2' title='bbox 218 162 300 173; x_wconf 70' lang='lat' dir='ltr'>REGlSTER</span> <span class='ocrx_word' id='word_1_3' title='bbox 310 162 332 174; x_wconf 56' lang='grc' dir='ltr'>οι·</span> <span class='ocrx_word' id='word_1_4' title='bbox 343 163 448 174; x_wconf 60' lang='lat' dir='ltr'>,meusim-101²</span> <span class='ocrx_word' id='word_1_5' title='bbox 461 163 533 174; x_wconf 66' lang='lat' dir='ltr'>mmmm</span> <span class='ocrx_word' id='word_1_6' title='bbox 544 163 645 174; x_wconf 66' lang='lat' dir='ltr'>wrcxwamz.</span> <span class='ocrx_word' id='word_1_7' title='bbox 670 159 699 178; x_wconf 76' lang='lat'>265</span> 
     </span>
    </p>
   </div>
   <div class='ocr_carea' id='block_1_2' title="bbox 120 200 777 338">
    <p class='ocr_par' dir='ltr' id='par_1_2' title="bbox 120 200 701 263">
     <span class='ocr_line' id='line_1_2' title="bbox 120 200 701 222; baseline 0.003 -6"><span class='ocrx_word' id='word_1_8' title='bbox 120 200 179 217; x_wconf 84' lang='lat' dir='ltr'>mittal</span> <span class='ocrx_word' id='word_1_9' title='bbox 188 200 206 217; x_wconf 80' lang='lat' dir='ltr'>oi</span> <span class='ocrx_word' id='word_1_10' title='bbox 215 200 245 217; x_wconf 84' lang='lat' dir='ltr'>the</span> <span class='ocrx_word' id='word_1_11' title='bbox 254 202 389 222; x_wconf 78' lang='lat' dir='ltr'>sequestrations</span> <span class='ocrx_word' id='word_1_12' title='bbox 398 202 416 218; x_wconf 74' lang='lat' dir='ltr'>oi</span> <span class='ocrx_word' id='word_1_13' title='bbox 426 202 455 218; x_wconf 80' lang='lat' dir='ltr'>the</span> <span class='ocrx_word' id='word_1_14' title='bbox 465 202 515 218; x_wconf 77' lang='lat' dir='ltr'>fruits</span> <span class='ocrx_word' id='word_1_15' title='bbox 524 202 543 218; x_wconf 72' lang='lat' dir='ltr'>ot</span> <span class='ocrx_word' id='word_1_16' title='bbox 551 202 581 218; x_wconf 86' lang='lat' dir='ltr'>the</span> <span class='ocrx_word' id='word_1_17' title='bbox 591 202 673 218; x_wconf 82' lang='lat' dir='ltr'>churches</span> <span class='ocrx_word' id='word_1_18' title='bbox 682 202 701 218; x_wconf 70' lang='grc' dir='ltr'>οἱ</span> 
     </span>
     <span class='ocr_line' id='line_1_3' title="bbox 121 223 701 263; baseline 0.002 -23"><span class='ocrx_word' id='word_1_19' title='bbox 121 223 216 263; x_wconf 48' lang='grc' dir='ltr'>Ψῆῐὲορρε</span> <span class='ocrx_word' id='word_1_20' title='bbox 223 223 258 240; x_wconf 85' lang='lat' dir='ltr'>and</span> <span class='ocrx_word' id='word_1_21' title='bbox 266 223 350 245; x_wconf 73' lang='lat' dir='ltr'>Spoforde</span> <span class='ocrx_word' id='word_1_22' title='bbox 358 226 376 241; x_wconf 84' lang='lat' dir='ltr'>to</span> <span class='ocrx_word' id='word_1_23' title='bbox 384 224 411 241; x_wconf 77' lang='lat' dir='ltr'>Sir</span> <span class='ocrx_word' id='word_1_24' title='bbox 418 225 494 246; x_wconf 85' lang='lat' dir='ltr'>Stephen</span> <span class='ocrx_word' id='word_1_25' title='bbox 502 225 523 241; x_wconf 89' lang='lat' dir='ltr'>de</span> <span class='ocrx_word' id='word_1_26' title='bbox 531 225 611 244; x_wconf 86' lang='lat' dir='ltr'>Suttone,</span> <span class='ocrx_word' id='word_1_27' title='bbox 619 230 675 241; x_wconf 79' lang='lat' dir='ltr'>canon</span> <span class='ocrx_word' id='word_1_28' title='bbox 683 225 701 241; x_wconf 71' lang='grc' dir='ltr'>οἱ</span> 
     </span>
    </p>

    <p class='ocr_par' dir='ltr' id='par_1_3' title="bbox 121 251 777 338">
     <span class='ocr_line' id='line_1_4' title="bbox 139 251 759 292; baseline 0.003 -6"><span class='ocrx_word' id='word_1_29' title='bbox 139 251 180 290; x_wconf 44' lang='grc' dir='ltr'>ξδ’.</span> <span class='ocrx_word' id='word_1_30' title='bbox 205 269 225 286; x_wconf 89' lang='lat'>18</span> <span class='ocrx_word' id='word_1_31' title='bbox 234 269 268 286; x_wconf 88' lang='lat' dir='ltr'>kal.</span> <span class='ocrx_word' id='word_1_32' title='bbox 278 269 317 286; x_wconf 83' lang='lat' dir='ltr'>Oct.</span> <span class='ocrx_word' id='word_1_33' title='bbox 328 270 382 292; x_wconf 79' lang='lat' dir='ltr'>(Sept.</span> <span class='ocrx_word' id='word_1_34' title='bbox 393 275 419 291; x_wconf 85' lang='lat'>14,</span> <span class='ocrx_word' id='word_1_35' title='bbox 430 271 485 291; x_wconf 82' lang='lat'>1280).</span> <span class='ocrx_word' id='word_1_36' title='bbox 508 271 595 292; x_wconf 86' lang='lat' dir='ltr'>Wyltone.</span> <span class='ocrx_word' id='word_1_37' title='bbox 618 271 651 290; x_wconf 89' lang='lat' dir='ltr'>W.‚</span> <span class='ocrx_word' id='word_1_38' title='bbox 661 272 700 290; x_wconf 62' lang='lat' dir='ltr'>etc„</span> <span class='ocrx_word' id='word_1_39' title='bbox 707 279 759 289; x_wconf 49' lang='lat' dir='ltr'>mmai*</span> 
     </span>
     <span class='ocr_line' id='line_1_5' title="bbox 121 292 760 315; baseline 0.003 -7"><span class='ocrx_word' id='word_1_40' title='bbox 121 292 205 309; x_wconf 83' lang='lat' dir='ltr'>universis</span> <span class='ocrx_word' id='word_1_41' title='bbox 212 293 294 314; x_wconf 82' lang='lat' dir='ltr'>paginam</span> <span class='ocrx_word' id='word_1_42' title='bbox 301 295 399 314; x_wconf 78' lang='lat' dir='ltr'><strong>presentem</strong></span> <span class='ocrx_word' id='word_1_43' title='bbox 406 294 513 315; x_wconf 80' lang='lat' dir='ltr'>inspecturis,</span> <span class='ocrx_word' id='word_1_44' title='bbox 522 295 540 310; x_wconf 85' lang='lat' dir='ltr'>et</span> <span class='ocrx_word' id='word_1_45' title='bbox 547 294 623 310; x_wconf 79' lang='lat' dir='ltr'>maxime</span> <span class='ocrx_word' id='word_1_46' title='bbox 631 294 701 310; x_wconf 73' lang='lat' dir='ltr'>domiuo</span> <span class='ocrx_word' id='word_1_47' title='bbox 707 292 760 314; x_wconf 36' lang='lat' dir='ltr'>1¹:⁷35?ss</span> 
     </span>
     <span class='ocr_line' id='line_1_6' title="bbox 121 315 777 338; baseline 0.003 -7"><span class='ocrx_word' id='word_1_48' title='bbox 121 315 147 331; x_wconf 91' lang='lat' dir='ltr'>W.</span> <span class='ocrx_word' id='word_1_49' title='bbox 155 316 176 332; x_wconf 86' lang='lat' dir='ltr'>de</span> <span class='ocrx_word' id='word_1_50' title='bbox 182 315 243 337; x_wconf 85' lang='lat' dir='ltr'>Vescy,</span> <span class='ocrx_word' id='word_1_51' title='bbox 250 315 307 335; x_wconf 79' lang='lat' dir='ltr'>militi,</span> <span class='ocrx_word' id='word_1_52' title='bbox 313 317 388 333; x_wconf 77' lang='lat' dir='ltr'>salutem</span> <span class='ocrx_word' id='word_1_53' title='bbox 394 317 411 333; x_wconf 88' lang='lat' dir='ltr'>in</span> <span class='ocrx_word' id='word_1_54' title='bbox 418 317 480 338; x_wconf 85' lang='lat' dir='ltr'>spiritu</span> <span class='ocrx_word' id='word_1_55' title='bbox 486 319 504 333; x_wconf 93' lang='lat' dir='ltr'>et</span> <span class='ocrx_word' id='word_1_56' title='bbox 510 317 567 338; x_wconf 77' lang='lat' dir='ltr'>gracia</span> <span class='ocrx_word' id='word_1_57' title='bbox 574 317 700 338; x_wconf 82' lang='lat' dir='ltr'>Redemptoris.</span> <span class='ocrx_word' id='word_1_58' title='bbox 707 317 724 327; x_wconf 72' lang='lat'>⁵¹¹</span> <span class='ocrx_word' id='word_1_59' title='bbox 730 317 757 327; x_wconf 51' lang='grc' dir='ltr'>ΜΨ</span> <span class='ocrx_word' id='word_1_60' title='bbox 763 316 777 326; x_wconf 66' lang='lat'>⁶²</span> 
     </span>
    </p>
   </div>
   <div class='ocr_carea' id='block_1_3' title="bbox 120 329 769 364">
    <p class='ocr_par' dir='ltr' id='par_1_4' title="bbox 120 329 769 364">
     <span class='ocr_line' id='line_1_7' title="bbox 120 329 769 364; baseline -0.002 -9"><span class='ocrx_word' id='word_1_61' title='bbox 120 338 228 355; x_wconf 68' lang='lat' dir='ltr'>Affectantes</span> <span class='ocrx_word' id='word_1_62' title='bbox 234 338 312 355; x_wconf 81' lang='lat' dir='ltr'>cordium</span> <span class='ocrx_word' id='word_1_63' title='bbox 319 341 416 356; x_wconf 82' lang='lat' dir='ltr'>vestrorum</span> <span class='ocrx_word' id='word_1_64' title='bbox 423 340 518 361; x_wconf 79' lang='lat' dir='ltr'>puritatem</span> <span class='ocrx_word' id='word_1_65' title='bbox 525 342 542 356; x_wconf 91' lang='lat' dir='ltr'>et</span> <span class='ocrx_word' id='word_1_66' title='bbox 549 345 609 356; x_wconf 89' lang='lat' dir='ltr'>veram</span> <span class='ocrx_word' id='word_1_67' title='bbox 616 340 701 356; x_wconf 85' lang='lat' dir='ltr'>illumina·</span> <span class='ocrx_word' id='word_1_68' title='bbox 707 330 743 364; x_wconf 41' lang='lat'>{²32</span> <span class='ocrx_word' id='word_1_69' title='bbox 747 329 769 352; x_wconf 51' lang='lat'>22⁹2</span> 
     </span>
    </p>
   </div>
   <div class='ocr_carea' id='block_1_4' title="bbox 121 355 783 1166">
    <p class='ocr_par' dir='ltr' id='par_1_5' title="bbox 121 355 783 660">
     <span class='ocr_line' id='line_1_8' title="bbox 121 355 783 384; baseline 0.002 -6"><span class='ocrx_word' id='word_1_70' title='bbox 121 362 187 378; x_wconf 81' lang='lat' dir='ltr'>cionem</span> <span class='ocrx_word' id='word_1_71' title='bbox 194 367 234 383; x_wconf 83' lang='lat' dir='ltr'>erga</span> <span class='ocrx_word' id='word_1_72' title='bbox 240 362 302 382; x_wconf 79' lang='lat' dir='ltr'>Deum,</span> <span class='ocrx_word' id='word_1_73' title='bbox 310 367 341 379; x_wconf 84' lang='lat' dir='ltr'>vos</span> <span class='ocrx_word' id='word_1_74' title='bbox 348 363 377 384; x_wconf 83' lang='lat' dir='ltr'>pia</span> <span class='ocrx_word' id='word_1_75' title='bbox 383 364 400 379; x_wconf 85' lang='lat' dir='ltr'>et</span> <span class='ocrx_word' id='word_1_76' title='bbox 407 364 480 384; x_wconf 80' lang='lat' dir='ltr'>patema</span> <span class='ocrx_word' id='word_1_77' title='bbox 486 363 583 379; x_wconf 86' lang='lat' dir='ltr'>monicione</span> <span class='ocrx_word' id='word_1_78' title='bbox 589 363 701 379; x_wconf 71' lang='lat' dir='ltr'>exhortamur</span> <span class='ocrx_word' id='word_1_79' title='bbox 708 355 783 382; x_wconf 46' lang='lat' dir='ltr'>amm*</span> 
     </span>
     <span class='ocr_line' id='line_1_9' title="bbox 121 380 783 407; baseline 0.002 -6"><span class='ocrx_word' id='word_1_80' title='bbox 121 385 139 401; x_wconf 85' lang='lat' dir='ltr'>in</span> <span class='ocrx_word' id='word_1_81' title='bbox 151 385 224 404; x_wconf 83' lang='lat' dir='ltr'>Christo,</span> <span class='ocrx_word' id='word_1_82' title='bbox 236 390 257 401; x_wconf 91' lang='lat' dir='ltr'>ne</span> <span class='ocrx_word' id='word_1_83' title='bbox 269 385 344 402; x_wconf 82' lang='lat' dir='ltr'>Ricardo</span> <span class='ocrx_word' id='word_1_84' title='bbox 356 386 377 402; x_wconf 86' lang='lat' dir='ltr'>de</span> <span class='ocrx_word' id='word_1_85' title='bbox 388 386 444 407; x_wconf 82' lang='lat' dir='ltr'>Vescy</span> <span class='ocrx_word' id='word_1_86' title='bbox 456 391 485 402; x_wconf 88' lang='lat' dir='ltr'>seu</span> <span class='ocrx_word' id='word_1_87' title='bbox 497 386 532 402; x_wconf 89' lang='lat' dir='ltr'>suis</span> <span class='ocrx_word' id='word_1_88' title='bbox 544 386 661 407; x_wconf 82' lang='lat' dir='ltr'>complicibus,</span> <span class='ocrx_word' id='word_1_89' title='bbox 674 385 701 402; x_wconf 81' lang='lat' dir='ltr'>vel</span> <span class='ocrx_word' id='word_1_90' title='bbox 708 380 761 407; x_wconf 53' lang='grc' dir='ltr'>ῧὲἶὲῗὲς</span> <span class='ocrx_word' id='word_1_91' title='bbox 766 392 783 402; x_wconf 62' lang='grc' dir='ltr'>ω,</span> 
     </span>
     <span class='ocr_line' id='line_1_10' title="bbox 121 405 781 430; baseline 0.002 -6"><span class='ocrx_word' id='word_1_92' title='bbox 121 408 175 424; x_wconf 84' lang='lat' dir='ltr'>eciam</span> <span class='ocrx_word' id='word_1_93' title='bbox 191 408 288 425; x_wconf 69' lang='lat' dir='ltr'>[autoribus</span> <span class='ocrx_word' id='word_1_94' title='bbox 303 409 446 430; x_wconf 81' lang='lat' dir='ltr'>quibuscumque,</span> <span class='ocrx_word' id='word_1_95' title='bbox 462 414 511 430; x_wconf 81' lang='lat' dir='ltr'>quos,</span> <span class='ocrx_word' id='word_1_96' title='bbox 527 414 558 430; x_wconf 85' lang='lat' dir='ltr'>pro</span> <span class='ocrx_word' id='word_1_97' title='bbox 574 409 668 425; x_wconf 77' lang='lat' dir='ltr'>intrusione</span> <span class='ocrx_word' id='word_1_98' title='bbox 684 410 701 425; x_wconf 83' lang='lat' dir='ltr'>et</span> <span class='ocrx_word' id='word_1_99' title='bbox 708 405 781 418; x_wconf 50' lang='lat' dir='ltr'>&#39;‘mmm&#39;&#39;</span> 
     </span>
     <span class='ocr_line' id='line_1_11' title="bbox 121 431 702 452; baseline 0.002 -5"><span class='ocrx_word' id='word_1_100' title='bbox 121 431 209 447; x_wconf 86' lang='lat' dir='ltr'>demeritis</span> <span class='ocrx_word' id='word_1_101' title='bbox 219 431 254 447; x_wconf 90' lang='lat' dir='ltr'>suis</span> <span class='ocrx_word' id='word_1_102' title='bbox 264 431 377 452; x_wconf 79' lang='lat' dir='ltr'>exigentibus,</span> <span class='ocrx_word' id='word_1_103' title='bbox 388 432 547 448; x_wconf 89' lang='lat' dir='ltr'>excommunicatos</span> <span class='ocrx_word' id='word_1_104' title='bbox 557 432 609 448; x_wconf 82' lang='lat' dir='ltr'>velud</span> <span class='ocrx_word' id='word_1_105' title='bbox 619 432 702 448; x_wconf 74' lang='lat' dir='ltr'><strong>satellites</strong></span> 
     </span>
     <span class='ocr_line' id='line_1_12' title="bbox 121 454 702 476; baseline 0.002 -6"><span class='ocrx_word' id='word_1_106' title='bbox 121 455 139 470; x_wconf 88' lang='lat' dir='ltr'>et</span> <span class='ocrx_word' id='word_1_107' title='bbox 152 454 230 470; x_wconf 89' lang='lat' dir='ltr'>membra</span> <span class='ocrx_word' id='word_1_108' title='bbox 242 454 311 470; x_wconf 76' lang='lat' dir='ltr'>Diaboli</span> <span class='ocrx_word' id='word_1_109' title='bbox 323 455 392 476; x_wconf 81' lang='lat' dir='ltr'>publice</span> <span class='ocrx_word' id='word_1_110' title='bbox 404 455 476 471; x_wconf 73' lang='lat' dir='ltr'>{ecimus</span> <span class='ocrx_word' id='word_1_111' title='bbox 488 455 571 474; x_wconf 73' lang='lat' dir='ltr'>nunciat-i,</span> <span class='ocrx_word' id='word_1_112' title='bbox 584 455 602 471; x_wconf 86' lang='lat' dir='ltr'>in</span> <span class='ocrx_word' id='word_1_113' title='bbox 615 455 702 471; x_wconf 82' lang='lat' dir='ltr'>consorcio</span> 
     </span>
     <span class='ocr_line' id='line_1_13' title="bbox 122 477 702 499; baseline 0.002 -6"><span class='ocrx_word' id='word_1_114' title='bbox 122 477 149 493; x_wconf 90' lang='lat' dir='ltr'>vel</span> <span class='ocrx_word' id='word_1_115' title='bbox 157 477 252 498; x_wconf 81' lang='lat' dir='ltr'>colloquiis,</span> <span class='ocrx_word' id='word_1_116' title='bbox 260 477 278 493; x_wconf 89' lang='lat' dir='ltr'>in</span> <span class='ocrx_word' id='word_1_117' title='bbox 286 482 346 494; x_wconf 83' lang='lat' dir='ltr'>mensa</span> <span class='ocrx_word' id='word_1_118' title='bbox 354 478 380 494; x_wconf 84' lang='lat' dir='ltr'>vel</span> <span class='ocrx_word' id='word_1_119' title='bbox 390 478 427 494; x_wconf 89' lang='lat' dir='ltr'>aliis</span> <span class='ocrx_word' id='word_1_120' title='bbox 435 478 573 499; x_wconf 86' lang='lat' dir='ltr'>quibuscumque</span> <span class='ocrx_word' id='word_1_121' title='bbox 581 477 702 494; x_wconf 67' lang='lat' dir='ltr'>familiaritati-</span> 
     </span>
     <span class='ocr_line' id='line_1_14' title="bbox 122 500 702 522; baseline 0.002 -6"><span class='ocrx_word' id='word_1_122' title='bbox 122 500 160 519; x_wconf 85' lang='lat' dir='ltr'>bus,</span> <span class='ocrx_word' id='word_1_123' title='bbox 174 500 301 516; x_wconf 81' lang='lat' dir='ltr'>communicare</span> <span class='ocrx_word' id='word_1_124' title='bbox 316 501 420 521; x_wconf 80' lang='lat' dir='ltr'>presumatis</span> <span class='ocrx_word' id='word_1_125' title='bbox 435 501 541 522; x_wconf 85' lang='lat' dir='ltr'>aliquatinus</span> <span class='ocrx_word' id='word_1_126' title='bbox 561 501 589 517; x_wconf 85' lang='lat' dir='ltr'>vel</span> <span class='ocrx_word' id='word_1_127' title='bbox 609 501 702 522; x_wconf 77' lang='lat' dir='ltr'>conjungi3</span> 
     </span>
     <span class='ocr_line' id='line_1_15' title="bbox 122 523 703 545; baseline 0.002 -6"><span class='ocrx_word' id='word_1_128' title='bbox 122 523 199 544; x_wconf 88' lang='lat' dir='ltr'>alioquin</span> <span class='ocrx_word' id='word_1_129' title='bbox 204 528 322 544; x_wconf 80' lang='lat' dir='ltr'>quoscumque</span> <span class='ocrx_word' id='word_1_130' title='bbox 330 524 348 540; x_wconf 83' lang='lat' dir='ltr'>in</span> <span class='ocrx_word' id='word_1_131' title='bbox 356 524 476 540; x_wconf 88' lang='lat' dir='ltr'>communione</span> <span class='ocrx_word' id='word_1_132' title='bbox 484 524 512 540; x_wconf 89' lang='lat' dir='ltr'>vel</span> <span class='ocrx_word' id='word_1_133' title='bbox 520 524 636 545; x_wconf 84' lang='lat' dir='ltr'>conjunxione</span> <span class='ocrx_word' id='word_1_134' title='bbox 644 524 703 545; x_wconf 87' lang='lat' dir='ltr'>hujus-</span> 
     </span>
     <span class='ocr_line' id='line_1_16' title="bbox 122 546 702 568; baseline 0.002 -6"><span class='ocrx_word' id='word_1_135' title='bbox 122 546 169 562; x_wconf 82' lang='lat' dir='ltr'>modi</span> <span class='ocrx_word' id='word_1_136' title='bbox 188 551 225 562; x_wconf 89' lang='lat' dir='ltr'>reos</span> <span class='ocrx_word' id='word_1_137' title='bbox 243 546 364 566; x_wconf 80' lang='lat' dir='ltr'>invenerimus,</span> <span class='ocrx_word' id='word_1_138' title='bbox 383 547 448 568; x_wconf 79' lang='lat' dir='ltr'>absque</span> <span class='ocrx_word' id='word_1_139' title='bbox 466 547 567 568; x_wconf 82' lang='lat' dir='ltr'>accepcione.</span> <span class='ocrx_word' id='word_1_140' title='bbox 585 547 603 563; x_wconf 91' lang='lat' dir='ltr'>in</span> <span class='ocrx_word' id='word_1_141' title='bbox 620 547 702 568; x_wconf 81' lang='lat' dir='ltr'>personis,</span> 
     </span>
     <span class='ocr_line' id='line_1_17' title="bbox 122 569 703 591; baseline 0.002 -6"><span class='ocrx_word' id='word_1_142' title='bbox 122 569 195 588; x_wconf 86' lang='lat' dir='ltr'>diviciis,</span> <span class='ocrx_word' id='word_1_143' title='bbox 206 569 234 585; x_wconf 88' lang='lat' dir='ltr'>vel</span> <span class='ocrx_word' id='word_1_144' title='bbox 244 569 343 589; x_wconf 77' lang='lat' dir='ltr'>honoribus,</span> <span class='ocrx_word' id='word_1_145' title='bbox 355 575 385 591; x_wconf 89' lang='lat' dir='ltr'>per</span> <span class='ocrx_word' id='word_1_146' title='bbox 396 570 446 586; x_wconf 85' lang='lat' dir='ltr'>officii</span> <span class='ocrx_word' id='word_1_147' title='bbox 457 570 512 586; x_wconf 78' lang='lat' dir='ltr'>nostri</span> <span class='ocrx_word' id='word_1_148' title='bbox 522 570 607 589; x_wconf 76' lang='lat' dir='ltr'>debitum,</span> <span class='ocrx_word' id='word_1_149' title='bbox 618 570 636 586; x_wconf 88' lang='lat' dir='ltr'>in</span> <span class='ocrx_word' id='word_1_150' title='bbox 647 575 703 586; x_wconf 80' lang='lat' dir='ltr'>exem-</span> 
     </span>
     <span class='ocr_line' id='line_1_18' title="bbox 122 592 702 614; baseline 0.002 -6"><span class='ocrx_word' id='word_1_151' title='bbox 122 592 170 613; x_wconf 90' lang='lat' dir='ltr'>plum</span> <span class='ocrx_word' id='word_1_152' title='bbox 178 593 279 612; x_wconf 76' lang='lat' dir='ltr'>ceterorum,</span> <span class='ocrx_word' id='word_1_153' title='bbox 286 597 317 613; x_wconf 92' lang='lat' dir='ltr'>per</span> <span class='ocrx_word' id='word_1_154' title='bbox 324 593 356 609; x_wconf 88' lang='lat' dir='ltr'>Dei</span> <span class='ocrx_word' id='word_1_155' title='bbox 363 593 438 614; x_wconf 81' lang='lat' dir='ltr'>graciam</span> <span class='ocrx_word' id='word_1_156' title='bbox 445 593 561 614; x_wconf 82' lang='lat' dir='ltr'>percellemus.</span> <span class='ocrx_word' id='word_1_157' title='bbox 579 593 603 609; x_wconf 81' lang='lat' dir='ltr'>Et</span> <span class='ocrx_word' id='word_1_158' title='bbox 610 593 641 609; x_wconf 84' lang='lat' dir='ltr'>hec</span> <span class='ocrx_word' id='word_1_159' title='bbox 648 593 702 612; x_wconf 76' lang='lat' dir='ltr'>vobis,</span> 
     </span>
     <span class='ocr_line' id='line_1_19' title="bbox 122 615 703 637; baseline 0.002 -6"><span class='ocrx_word' id='word_1_160' title='bbox 122 615 191 631; x_wconf 89' lang='lat' dir='ltr'>domine</span> <span class='ocrx_word' id='word_1_161' title='bbox 196 615 229 635; x_wconf 56' lang='lat' dir='ltr'>W„</span> <span class='ocrx_word' id='word_1_162' title='bbox 233 620 263 636; x_wconf 80' lang='lat' dir='ltr'>pre</span> <span class='ocrx_word' id='word_1_163' title='bbox 268 616 329 632; x_wconf 82' lang='lat' dir='ltr'>ceteris</span> <span class='ocrx_word' id='word_1_164' title='bbox 332 616 421 637; x_wconf 87' lang='lat' dir='ltr'>specialius</span> <span class='ocrx_word' id='word_1_165' title='bbox 426 616 533 635; x_wconf 89' lang='lat' dir='ltr'>nunciamus,</span> <span class='ocrx_word' id='word_1_166' title='bbox 537 616 579 637; x_wconf 86' lang='lat' dir='ltr'>quia</span> <span class='ocrx_word' id='word_1_167' title='bbox 584 616 667 632; x_wconf 79' lang='lat' dir='ltr'>nollemus</span> <span class='ocrx_word' id='word_1_168' title='bbox 672 621 703 632; x_wconf 88' lang='lat' dir='ltr'>vos</span> 
     </span>
     <span class='ocr_line' id='line_1_20' title="bbox 122 638 702 660; baseline 0.002 -6"><span class='ocrx_word' id='word_1_169' title='bbox 122 639 204 659; x_wconf 88' lang='lat' dir='ltr'>pretextu</span> <span class='ocrx_word' id='word_1_170' title='bbox 209 640 270 654; x_wconf 88' lang='lat' dir='ltr'>mutue</span> <span class='ocrx_word' id='word_1_171' title='bbox 276 638 389 659; x_wconf 86' lang='lat' dir='ltr'>specialitatis</span> <span class='ocrx_word' id='word_1_172' title='bbox 395 641 453 655; x_wconf 84' lang='lat' dir='ltr'>nostre</span> <span class='ocrx_word' id='word_1_173' title='bbox 459 639 514 660; x_wconf 84' lang='lat' dir='ltr'>decipi</span> <span class='ocrx_word' id='word_1_174' title='bbox 519 639 547 655; x_wconf 87' lang='lat' dir='ltr'>vel</span> <span class='ocrx_word' id='word_1_175' title='bbox 552 639 624 655; x_wconf 85' lang='lat' dir='ltr'>involvi.</span> <span class='ocrx_word' id='word_1_176' title='bbox 637 638 702 655; x_wconf 77' lang='lat' dir='ltr'>Valete.</span> 
     </span>
    </p>

    <p class='ocr_par' dir='ltr' id='par_1_6' title="bbox 122 661 779 1074">
     <span class='ocr_line' id='line_1_21' title="bbox 145 661 762 683; baseline 0.002 -6"><span class='ocrx_word' id='word_1_177' title='bbox 145 661 182 682; x_wconf 81' lang='lat'>657.</span> <span class='ocrx_word' id='word_1_178' title='bbox 206 661 242 677; x_wconf 89' lang='lat' dir='ltr'>Sibi</span> <span class='ocrx_word' id='word_1_179' title='bbox 252 661 301 678; x_wconf 84' lang='lat' dir='ltr'>alteri</span> <span class='ocrx_word' id='word_1_180' title='bbox 311 661 329 678; x_wconf 89' lang='lat' dir='ltr'>id</span> <span class='ocrx_word' id='word_1_181' title='bbox 338 662 386 683; x_wconf 83' lang='lat' dir='ltr'>quod</span> <span class='ocrx_word' id='word_1_182' title='bbox 395 662 433 678; x_wconf 84' lang='lat' dir='ltr'>sibi.</span> <span class='ocrx_word' id='word_1_183' title='bbox 456 662 484 678; x_wconf 83' lang='lat' dir='ltr'>Ex</span> <span class='ocrx_word' id='word_1_184' title='bbox 493 662 531 681; x_wconf 85' lang='lat' dir='ltr'>hiis,</span> <span class='ocrx_word' id='word_1_185' title='bbox 542 662 611 678; x_wconf 81' lang='lat' dir='ltr'>domine</span> <span class='ocrx_word' id='word_1_186' title='bbox 621 662 703 678; x_wconf 74' lang='lat' dir='ltr'>amantis-</span> <span class='ocrx_word' id='word_1_187' title='bbox 710 670 762 680; x_wconf 40' lang='grc' dir='ltr'>’,ψεαρ</span> 
     </span>
     <span class='ocr_line' id='line_1_22' title="bbox 122 683 779 706; baseline 0.003 -6"><span class='ocrx_word' id='word_1_188' title='bbox 122 684 170 703; x_wconf 86' lang='lat' dir='ltr'>sime,</span> <span class='ocrx_word' id='word_1_189' title='bbox 178 689 212 705; x_wconf 85' lang='lat' dir='ltr'>que</span> <span class='ocrx_word' id='word_1_190' title='bbox 219 686 277 701; x_wconf 85' lang='lat' dir='ltr'>vestra</span> <span class='ocrx_word' id='word_1_191' title='bbox 284 684 334 701; x_wconf 83' lang='lat' dir='ltr'>nobis</span> <span class='ocrx_word' id='word_1_192' title='bbox 342 685 412 701; x_wconf 77' lang='lat' dir='ltr'>missiva</span> <span class='ocrx_word' id='word_1_193' title='bbox 419 685 513 701; x_wconf 86' lang='lat' dir='ltr'>novissima</span> <span class='ocrx_word' id='word_1_194' title='bbox 520 685 608 704; x_wconf 82' lang='lat' dir='ltr'>reseravit,</span> <span class='ocrx_word' id='word_1_195' title='bbox 616 686 634 701; x_wconf 87' lang='lat' dir='ltr'>et</span> <span class='ocrx_word' id='word_1_196' title='bbox 641 685 703 706; x_wconf 74' lang='lat' dir='ltr'>magis-</span> <span class='ocrx_word' id='word_1_197' title='bbox 709 683 767 706; x_wconf 43' lang='lat'>3:²32?</span> <span class='ocrx_word' id='word_1_198' title='bbox 772 686 779 693; x_wconf 79' lang='lat'>¹</span> 
     </span>
     <span class='ocr_line' id='line_1_23' title="bbox 123 707 703 727; baseline 0.002 -4"><span class='ocrx_word' id='word_1_199' title='bbox 123 709 150 723; x_wconf 91' lang='lat' dir='ltr'>tro</span> <span class='ocrx_word' id='word_1_200' title='bbox 164 707 235 727; x_wconf 87' lang='lat' dir='ltr'>Thome,</span> <span class='ocrx_word' id='word_1_201' title='bbox 250 707 311 724; x_wconf 87' lang='lat' dir='ltr'>clerieo</span> <span class='ocrx_word' id='word_1_202' title='bbox 324 709 389 727; x_wconf 84' lang='lat' dir='ltr'>nostro,</span> <span class='ocrx_word' id='word_1_203' title='bbox 404 708 444 724; x_wconf 87' lang='lat' dir='ltr'>vive</span> <span class='ocrx_word' id='word_1_204' title='bbox 458 708 505 724; x_wconf 83' lang='lat' dir='ltr'>vocis</span> <span class='ocrx_word' id='word_1_205' title='bbox 519 708 589 724; x_wconf 83' lang='lat' dir='ltr'>oraculo</span> <span class='ocrx_word' id='word_1_206' title='bbox 602 708 703 724; x_wconf 72' lang='lat' dir='ltr'>familiarius</span> 
     </span>
     <span class='ocr_line' id='line_1_24' title="bbox 123 730 704 752; baseline 0.002 -6"><span class='ocrx_word' id='word_1_207' title='bbox 123 730 222 749; x_wconf 77' lang='lat' dir='ltr'>intimastis,</span> <span class='ocrx_word' id='word_1_208' title='bbox 235 730 296 746; x_wconf 87' lang='lat' dir='ltr'>intime</span> <span class='ocrx_word' id='word_1_209' title='bbox 308 730 405 747; x_wconf 75' lang='lat' dir='ltr'>afieccionis</span> <span class='ocrx_word' id='word_1_210' title='bbox 418 731 473 747; x_wconf 89' lang='lat' dir='ltr'>zelum</span> <span class='ocrx_word' id='word_1_211' title='bbox 485 736 537 752; x_wconf 89' lang='lat' dir='ltr'>quem</span> <span class='ocrx_word' id='word_1_212' title='bbox 550 736 590 752; x_wconf 83' lang='lat' dir='ltr'>erga</span> <span class='ocrx_word' id='word_1_213' title='bbox 602 736 633 747; x_wconf 82' lang='lat' dir='ltr'>nos</span> <span class='ocrx_word' id='word_1_214' title='bbox 645 731 704 752; x_wconf 83' lang='lat' dir='ltr'>geritis</span> 
     </span>
     <span class='ocr_line' id='line_1_25' title="bbox 123 753 704 775; baseline 0.002 -6"><span class='ocrx_word' id='word_1_215' title='bbox 123 753 228 769; x_wconf 78' lang='lat' dir='ltr'>visceraliter</span> <span class='ocrx_word' id='word_1_216' title='bbox 235 755 252 769; x_wconf 85' lang='lat' dir='ltr'>et</span> <span class='ocrx_word' id='word_1_217' title='bbox 260 753 333 773; x_wconf 85' lang='lat' dir='ltr'>habetis,</span> <span class='ocrx_word' id='word_1_218' title='bbox 342 759 359 770; x_wconf 81' lang='lat' dir='ltr'>re</span> <span class='ocrx_word' id='word_1_219' title='bbox 368 754 405 775; x_wconf 85' lang='lat' dir='ltr'>ipsa</span> <span class='ocrx_word' id='word_1_220' title='bbox 412 754 488 770; x_wconf 80' lang='lat' dir='ltr'>elicimus</span> <span class='ocrx_word' id='word_1_221' title='bbox 496 754 587 770; x_wconf 77' lang='lat' dir='ltr'>efficaciter</span> <span class='ocrx_word' id='word_1_222' title='bbox 594 755 612 770; x_wconf 83' lang='lat' dir='ltr'>et</span> <span class='ocrx_word' id='word_1_223' title='bbox 619 754 704 775; x_wconf 82' lang='lat' dir='ltr'>approba-</span> 
     </span>
     <span class='ocr_line' id='line_1_26' title="bbox 123 776 705 798; baseline 0.002 -6"><span class='ocrx_word' id='word_1_224' title='bbox 123 777 176 795; x_wconf 85' lang='lat' dir='ltr'>mus,¹</span> <span class='ocrx_word' id='word_1_225' title='bbox 186 776 229 792; x_wconf 90' lang='lat' dir='ltr'>dum</span> <span class='ocrx_word' id='word_1_226' title='bbox 234 776 307 797; x_wconf 79' lang='lat' dir='ltr'>singula,</span> <span class='ocrx_word' id='word_1_227' title='bbox 316 779 383 793; x_wconf 82' lang='lat' dir='ltr'>statum</span> <span class='ocrx_word' id='word_1_228' title='bbox 390 778 468 793; x_wconf 84' lang='lat' dir='ltr'>nostrum</span> <span class='ocrx_word' id='word_1_229' title='bbox 475 777 600 798; x_wconf 76' lang='lat' dir='ltr'>contingencia,</span> <span class='ocrx_word' id='word_1_230' title='bbox 610 777 650 793; x_wconf 89' lang='lat' dir='ltr'>licet</span> <span class='ocrx_word' id='word_1_231' title='bbox 660 776 705 793; x_wconf 82' lang='lat' dir='ltr'>circa</span> 
     </span>
     <span class='ocr_line' id='line_1_27' title="bbox 123 799 705 821; baseline 0.002 -6"><span class='ocrx_word' id='word_1_232' title='bbox 123 799 189 820; x_wconf 87' lang='lat' dir='ltr'>majora</span> <span class='ocrx_word' id='word_1_233' title='bbox 205 799 227 815; x_wconf 84' lang='lat' dir='ltr'>ad</span> <span class='ocrx_word' id='word_1_234' title='bbox 241 799 336 816; x_wconf 75' lang='lat' dir='ltr'>utilitatem</span> <span class='ocrx_word' id='word_1_235' title='bbox 351 800 374 816; x_wconf 85' lang='lat' dir='ltr'>rei</span> <span class='ocrx_word' id='word_1_236' title='bbox 389 800 457 821; x_wconf 89' lang='lat' dir='ltr'>publice</span> <span class='ocrx_word' id='word_1_237' title='bbox 472 800 585 821; x_wconf 74' lang='lat' dir='ltr'>occupemini,</span> <span class='ocrx_word' id='word_1_238' title='bbox 599 800 629 821; x_wconf 89' lang='lat' dir='ltr'>qui</span> <span class='ocrx_word' id='word_1_239' title='bbox 644 800 705 816; x_wconf 80' lang='lat' dir='ltr'>unicus</span> 
     </span>
     <span class='ocr_line' id='line_1_28' title="bbox 123 822 704 844; baseline 0.002 -6"><span class='ocrx_word' id='word_1_240' title='bbox 123 822 229 843; x_wconf 82' lang='lat' dir='ltr'>impetuosas</span> <span class='ocrx_word' id='word_1_241' title='bbox 238 824 324 844; x_wconf 77' lang='lat' dir='ltr'>temperas</span> <span class='ocrx_word' id='word_1_242' title='bbox 334 823 438 842; x_wconf 81' lang='lat' dir='ltr'>voluntates,</span> <span class='ocrx_word' id='word_1_243' title='bbox 448 824 468 839; x_wconf 89' lang='lat' dir='ltr'>ut</span> <span class='ocrx_word' id='word_1_244' title='bbox 477 823 572 844; x_wconf 79' lang='lat' dir='ltr'>vulgariter</span> <span class='ocrx_word' id='word_1_245' title='bbox 580 823 704 842; x_wconf 75' lang='lat' dir='ltr'>conclamatur,</span> 
     </span>
     <span class='ocr_line' id='line_1_29' title="bbox 123 845 704 867; baseline 0.002 -6"><span class='ocrx_word' id='word_1_246' title='bbox 123 845 145 861; x_wconf 84' lang='lat' dir='ltr'>ad</span> <span class='ocrx_word' id='word_1_247' title='bbox 156 845 229 861; x_wconf 84' lang='lat' dir='ltr'>recentis</span> <span class='ocrx_word' id='word_1_248' title='bbox 239 845 321 862; x_wconf 82' lang='lat' dir='ltr'>memorie</span> <span class='ocrx_word' id='word_1_249' title='bbox 331 846 388 862; x_wconf 86' lang='lat' dir='ltr'>sinum</span> <span class='ocrx_word' id='word_1_250' title='bbox 399 846 489 867; x_wconf 87' lang='lat' dir='ltr'>oportunis</span> <span class='ocrx_word' id='word_1_251' title='bbox 499 846 607 867; x_wconf 79' lang='lat' dir='ltr'>temporibus</span> <span class='ocrx_word' id='word_1_252' title='bbox 617 846 704 865; x_wconf 83' lang='lat' dir='ltr'>reducitis,</span> 
     </span>
     <span class='ocr_line' id='line_1_30' title="bbox 123 868 704 890; baseline 0.002 -6"><span class='ocrx_word' id='word_1_253' title='bbox 123 870 140 884; x_wconf 83' lang='lat' dir='ltr'>et</span> <span class='ocrx_word' id='word_1_254' title='bbox 153 870 238 889; x_wconf 85' lang='lat' dir='ltr'>tanquam</span> <span class='ocrx_word' id='word_1_255' title='bbox 249 868 319 889; x_wconf 80' lang='lat' dir='ltr'>propria</span> <span class='ocrx_word' id='word_1_256' title='bbox 331 869 401 890; x_wconf 80' lang='lat' dir='ltr'>negocia</span> <span class='ocrx_word' id='word_1_257' title='bbox 413 869 531 885; x_wconf 71' lang='lat' dir='ltr'>favorabiliter</span> <span class='ocrx_word' id='word_1_258' title='bbox 542 869 645 888; x_wconf 69' lang='lat' dir='ltr'>confovetis,</span> <span class='ocrx_word' id='word_1_259' title='bbox 657 869 704 890; x_wconf 88' lang='lat' dir='ltr'>quod</span> 
     </span>
     <span class='ocr_line' id='line_1_31' title="bbox 122 891 703 913; baseline 0.002 -6"><span class='ocrx_word' id='word_1_260' title='bbox 122 891 159 907; x_wconf 82' lang='lat' dir='ltr'>sola</span> <span class='ocrx_word' id='word_1_261' title='bbox 175 891 245 908; x_wconf 85' lang='lat' dir='ltr'>dileccio</span> <span class='ocrx_word' id='word_1_262' title='bbox 261 891 313 908; x_wconf 75' lang='lat' dir='ltr'>efficit</span> <span class='ocrx_word' id='word_1_263' title='bbox 330 892 443 913; x_wconf 87' lang='lat' dir='ltr'>proculdubio</span> <span class='ocrx_word' id='word_1_264' title='bbox 459 893 476 908; x_wconf 86' lang='lat' dir='ltr'>et</span> <span class='ocrx_word' id='word_1_265' title='bbox 493 892 565 908; x_wconf 84' lang='lat' dir='ltr'>inducit.</span> <span class='ocrx_word' id='word_1_266' title='bbox 589 891 703 913; x_wconf 81' lang='lat' dir='ltr'>Assurgimus,</span> 
     </span>
     <span class='ocr_line' id='line_1_32' title="bbox 123 914 704 936; baseline 0.002 -6"><span class='ocrx_word' id='word_1_267' title='bbox 123 914 180 935; x_wconf 80' lang='lat' dir='ltr'>igitur,</span> <span class='ocrx_word' id='word_1_268' title='bbox 190 914 288 935; x_wconf 84' lang='lat' dir='ltr'>predilecte‚</span> <span class='ocrx_word' id='word_1_269' title='bbox 298 914 321 931; x_wconf 76' lang='lat' dir='ltr'>ad</span> <span class='ocrx_word' id='word_1_270' title='bbox 330 915 396 936; x_wconf 83' lang='lat' dir='ltr'>gracias</span> <span class='ocrx_word' id='word_1_271' title='bbox 405 920 448 936; x_wconf 85' lang='lat' dir='ltr'>quas</span> <span class='ocrx_word' id='word_1_272' title='bbox 457 920 548 936; x_wconf 82' lang='lat' dir='ltr'>possumus</span> <span class='ocrx_word' id='word_1_273' title='bbox 558 920 589 936; x_wconf 82' lang='lat' dir='ltr'>pro</span> <span class='ocrx_word' id='word_1_274' title='bbox 598 915 704 932; x_wconf 81' lang='lat' dir='ltr'>continuatis</span> 
     </span>
     <span class='ocr_line' id='line_1_33' title="bbox 123 937 705 959; baseline 0.002 -6"><span class='ocrx_word' id='word_1_275' title='bbox 123 937 209 953; x_wconf 80' lang='lat' dir='ltr'>beneficiis</span> <span class='ocrx_word' id='word_1_276' title='bbox 227 939 244 954; x_wconf 84' lang='lat' dir='ltr'>et</span> <span class='ocrx_word' id='word_1_277' title='bbox 262 937 285 953; x_wconf 92' lang='lat' dir='ltr'>ad</span> <span class='ocrx_word' id='word_1_278' title='bbox 302 940 360 959; x_wconf 82' lang='lat' dir='ltr'>grates</span> <span class='ocrx_word' id='word_1_279' title='bbox 378 940 435 954; x_wconf 84' lang='lat' dir='ltr'>vestre</span> <span class='ocrx_word' id='word_1_280' title='bbox 451 938 525 959; x_wconf 86' lang='lat' dir='ltr'>probate.</span> <span class='ocrx_word' id='word_1_281' title='bbox 542 938 627 954; x_wconf 82' lang='lat' dir='ltr'>industrie</span> <span class='ocrx_word' id='word_1_282' title='bbox 644 939 705 954; x_wconf 86' lang='lat' dir='ltr'>nostra</span> 
     </span>
     <span class='ocr_line' id='line_1_34' title="bbox 123 960 704 982; baseline 0.002 -6"><span class='ocrx_word' id='word_1_283' title='bbox 123 960 209 976; x_wconf 82' lang='lat' dir='ltr'>instanter</span> <span class='ocrx_word' id='word_1_284' title='bbox 216 960 323 982; x_wconf 83' lang='lat' dir='ltr'>expedienda</span> <span class='ocrx_word' id='word_1_285' title='bbox 332 961 401 982; x_wconf 83' lang='lat' dir='ltr'>penitus</span> <span class='ocrx_word' id='word_1_286' title='bbox 409 961 530 982; x_wconf 85' lang='lat' dir='ltr'>relinquentes.</span> <span class='ocrx_word' id='word_1_287' title='bbox 553 961 604 980; x_wconf 86' lang='lat' dir='ltr'>Ecce,</span> <span class='ocrx_word' id='word_1_288' title='bbox 613 961 704 982; x_wconf 82' lang='lat' dir='ltr'>siquidem,</span> 
     </span>
     <span class='ocr_line' id='line_1_35' title="bbox 123 983 704 1000; baseline 0 0"><span class='ocrx_word' id='word_1_289' title='bbox 123 988 154 1000; x_wconf 87' lang='lat' dir='ltr'>nos</span> <span class='ocrx_word' id='word_1_290' title='bbox 166 985 183 1000; x_wconf 85' lang='lat' dir='ltr'>et</span> <span class='ocrx_word' id='word_1_291' title='bbox 195 985 254 1000; x_wconf 72' lang='lat' dir='ltr'>nostra</span> <span class='ocrx_word' id='word_1_292' title='bbox 264 984 314 1000; x_wconf 83' lang='lat' dir='ltr'>vobis</span> <span class='ocrx_word' id='word_1_293' title='bbox 326 984 451 1000; x_wconf 83' lang='lat' dir='ltr'>committimus</span> <span class='ocrx_word' id='word_1_294' title='bbox 459 984 570 1000; x_wconf 69' lang='lat' dir='ltr'>confidenter⁴</span> <span class='ocrx_word' id='word_1_295' title='bbox 594 984 620 1000; x_wconf 82' lang='lat' dir='ltr'>De</span> <span class='ocrx_word' id='word_1_296' title='bbox 634 983 704 1000; x_wconf 84' lang='lat' dir='ltr'>consiliu</span> 
     </span>
     <span class='ocr_line' id='line_1_36' title="bbox 122 1006 704 1027; baseline 0.002 -5"><span class='ocrx_word' id='word_1_297' title='bbox 122 1006 193 1027; x_wconf 86' lang='lat' dir='ltr'>quidem</span> <span class='ocrx_word' id='word_1_298' title='bbox 213 1008 271 1023; x_wconf 87' lang='lat' dir='ltr'>vestro</span> <span class='ocrx_word' id='word_1_299' title='bbox 296 1007 354 1023; x_wconf 84' lang='lat' dir='ltr'>omnia</span> <span class='ocrx_word' id='word_1_300' title='bbox 375 1007 498 1026; x_wconf 83' lang='lat' dir='ltr'>ordinavimus,</span> <span class='ocrx_word' id='word_1_301' title='bbox 520 1009 541 1023; x_wconf 85' lang='lat' dir='ltr'>ut</span> <span class='ocrx_word' id='word_1_302' title='bbox 565 1007 667 1026; x_wconf 85' lang='lat' dir='ltr'>mandastis,</span> <span class='ocrx_word' id='word_1_303' title='bbox 687 1008 704 1023; x_wconf 84' lang='lat' dir='ltr'>et</span> 
     </span>
     <span class='ocr_line' id='line_1_37' title="bbox 123 1029 705 1051; baseline 0 -5"><span class='ocrx_word' id='word_1_304' title='bbox 123 1029 236 1046; x_wconf 72' lang='lat' dir='ltr'>familiaribus</span> <span class='ocrx_word' id='word_1_305' title='bbox 257 1030 320 1046; x_wconf 82' lang='lat' dir='ltr'>nostris</span> <span class='ocrx_word' id='word_1_306' title='bbox 342 1035 373 1051; x_wconf 87' lang='lat' dir='ltr'>pro</span> <span class='ocrx_word' id='word_1_307' title='bbox 394 1031 452 1046; x_wconf 78' lang='lat' dir='ltr'>vestro</span> <span class='ocrx_word' id='word_1_308' title='bbox 477 1030 586 1051; x_wconf 83' lang='lat' dir='ltr'>beneplacito</span> <span class='ocrx_word' id='word_1_309' title='bbox 607 1030 705 1051; x_wconf 68' lang='lat' dir='ltr'>regulandis</span> 
     </span>
     <span class='ocr_line' id='line_1_38' title="bbox 123 1052 344 1074; baseline 0.005 -6"><span class='ocrx_word' id='word_1_310' title='bbox 123 1052 230 1074; x_wconf 81' lang='lat' dir='ltr'>injunximus</span> <span class='ocrx_word' id='word_1_311' title='bbox 238 1053 344 1074; x_wconf 85' lang='lat' dir='ltr'>exequenda.</span> 
     </span>
    </p>

    <p class='ocr_par' dir='ltr' id='par_1_7' title="bbox 122 1075 755 1166">
     <span class='ocr_line' id='line_1_39' title="bbox 145 1075 755 1097; baseline 0 -5"><span class='ocrx_word' id='word_1_312' title='bbox 145 1075 183 1096; x_wconf 82' lang='lat'>658.</span> <span class='ocrx_word' id='word_1_313' title='bbox 207 1079 227 1096; x_wconf 86' lang='lat'>15</span> <span class='ocrx_word' id='word_1_314' title='bbox 238 1075 272 1092; x_wconf 85' lang='lat' dir='ltr'>kal.</span> <span class='ocrx_word' id='word_1_315' title='bbox 284 1076 324 1092; x_wconf 53' lang='lat' dir='ltr'>Dec.</span> <span class='ocrx_word' id='word_1_316' title='bbox 338 1076 390 1096; x_wconf 70' lang='lat' dir='ltr'>(Nov.</span> <span class='ocrx_word' id='word_1_317' title='bbox 403 1080 428 1097; x_wconf 83' lang='lat'>17,</span> <span class='ocrx_word' id='word_1_318' title='bbox 441 1077 496 1097; x_wconf 83' lang='lat'>1279).</span> <span class='ocrx_word' id='word_1_319' title='bbox 526 1076 597 1097; x_wconf 80' lang='lat' dir='ltr'>Scroby.</span> <span class='ocrx_word' id='word_1_320' title='bbox 621 1076 704 1092; x_wconf 82' lang='lat' dir='ltr'>Mandate</span> <span class='ocrx_word' id='word_1_321' title='bbox 711 1082 755 1094; x_wconf 47' lang='grc' dir='ltr'>ειη,</span> 
     </span>
     <span class='ocr_line' id='line_1_40' title="bbox 123 1098 704 1120; baseline 0 -5"><span class='ocrx_word' id='word_1_322' title='bbox 123 1100 142 1115; x_wconf 88' lang='lat' dir='ltr'>to</span> <span class='ocrx_word' id='word_1_323' title='bbox 151 1099 180 1115; x_wconf 87' lang='lat' dir='ltr'>the</span> <span class='ocrx_word' id='word_1_324' title='bbox 189 1098 243 1115; x_wconf 75' lang='lat' dir='ltr'>baillft</span> <span class='ocrx_word' id='word_1_325' title='bbox 252 1099 270 1115; x_wconf 77' lang='lat' dir='ltr'>of</span> <span class='ocrx_word' id='word_1_326' title='bbox 278 1098 350 1115; x_wconf 81' lang='lat' dir='ltr'>Suweue</span> <span class='ocrx_word' id='word_1_327' title='bbox 359 1101 377 1115; x_wconf 85' lang='lat' dir='ltr'>to</span> <span class='ocrx_word' id='word_1_328' title='bbox 386 1104 433 1115; x_wconf 89' lang='lat' dir='ltr'>wam</span> <span class='ocrx_word' id='word_1_329' title='bbox 442 1099 471 1115; x_wconf 88' lang='lat' dir='ltr'>the</span> <span class='ocrx_word' id='word_1_330' title='bbox 480 1098 599 1120; x_wconf 73' lang='lat' dir='ltr'>archbishop&#39;s</span> <span class='ocrx_word' id='word_1_331' title='bbox 607 1100 678 1115; x_wconf 84' lang='lat' dir='ltr'>tenants</span> <span class='ocrx_word' id='word_1_332' title='bbox 686 1099 704 1115; x_wconf 82' lang='lat' dir='ltr'>in</span> 
     </span>
     <span class='ocr_line' id='line_1_41' title="bbox 122 1121 704 1143; baseline 0 -5"><span class='ocrx_word' id='word_1_333' title='bbox 122 1121 149 1138; x_wconf 87' lang='lat' dir='ltr'>his</span> <span class='ocrx_word' id='word_1_334' title='bbox 158 1121 243 1138; x_wconf 74' lang='lat' dir='ltr'>bailiwick</span> <span class='ocrx_word' id='word_1_335' title='bbox 253 1123 271 1138; x_wconf 85' lang='lat' dir='ltr'>to</span> <span class='ocrx_word' id='word_1_336' title='bbox 280 1126 329 1138; x_wconf 88' lang='lat' dir='ltr'>come</span> <span class='ocrx_word' id='word_1_337' title='bbox 339 1122 374 1138; x_wconf 87' lang='lat' dir='ltr'>and</span> <span class='ocrx_word' id='word_1_338' title='bbox 383 1122 406 1138; x_wconf 88' lang='lat' dir='ltr'>do</span> <span class='ocrx_word' id='word_1_339' title='bbox 415 1122 488 1143; x_wconf 83' lang='lat' dir='ltr'>homage</span> <span class='ocrx_word' id='word_1_340' title='bbox 497 1122 524 1138; x_wconf 76' lang='lat' dir='ltr'>ior</span> <span class='ocrx_word' id='word_1_341' title='bbox 532 1122 578 1138; x_wconf 84' lang='lat' dir='ltr'>their</span> <span class='ocrx_word' id='word_1_342' title='bbox 586 1122 637 1138; x_wconf 84' lang='lat' dir='ltr'>lands</span> <span class='ocrx_word' id='word_1_343' title='bbox 646 1127 669 1138; x_wconf 90' lang='lat' dir='ltr'>on</span> <span class='ocrx_word' id='word_1_344' title='bbox 678 1121 704 1138; x_wconf 83' lang='lat' dir='ltr'>St.</span> 
     </span>
     <span class='ocr_line' id='line_1_42' title="bbox 122 1144 450 1166; baseline 0 -5"><span class='ocrx_word' id='word_1_345' title='bbox 122 1144 214 1166; x_wconf 80' lang='lat' dir='ltr'>Stephen’s</span> <span class='ocrx_word' id='word_1_346' title='bbox 222 1145 257 1166; x_wconf 91' lang='lat' dir='ltr'>day</span> <span class='ocrx_word' id='word_1_347' title='bbox 266 1145 314 1165; x_wconf 83' lang='lat' dir='ltr'>(Dec.</span> <span class='ocrx_word' id='word_1_348' title='bbox 324 1145 358 1165; x_wconf 77' lang='lat'>26),</span> <span class='ocrx_word' id='word_1_349' title='bbox 368 1147 387 1161; x_wconf 85' lang='lat' dir='ltr'>at</span> <span class='ocrx_word' id='word_1_350' title='bbox 396 1145 450 1161; x_wconf 84' lang='lat' dir='ltr'>York.</span> 
     </span>
    </p>
   </div>
   <div class='ocr_carea' id='block_1_5' title="bbox 326 1174 498 1186">
    <p class='ocr_par' dir='ltr' id='par_1_8' title="bbox 326 1174 498 1186">
     <span class='ocr_line' id='line_1_43' title="bbox 326 1174 498 1186; baseline 0 0"><span class='ocrx_word' id='word_1_351' title='bbox 326 1174 414 1186; x_wconf 58' lang='lat' dir='ltr'>¹Probamus.</span> <span class='ocrx_word' id='word_1_352' title='bbox 427 1174 451 1186; x_wconf 80' lang='lat' dir='ltr'>Fo.</span> <span class='ocrx_word' id='word_1_353' title='bbox 460 1174 498 1186; x_wconf 72' lang='lat' dir='ltr'>lm.</span> 
     </span>
    </p>
   </div>
   <div class='ocr_carea' id='block_1_6' title="bbox 736 1226 787 1281">
    <p class='ocr_par' dir='ltr' id='par_1_9' title="bbox 736 1226 787 1281">
     <span class='ocr_line' id='line_1_44' title="bbox 736 1226 787 1281; baseline 0 0"><span class='ocrx_word' id='word_1_354' title='bbox 736 1226 787 1281; x_wconf 79' lang='lat' dir='ltr'><em>l</em></span> 
     </span>
    </p>
   </div>
  </div>
 </body>
</html>
