2994 4996
143 500 202 564 342
252 501 319 547 THE
342 501 505 549 REGISTER
526 503 568 549 OF
589 502 800 550 ARCHBISHOP
821 502 969 551 WILLIAM
990 504 1198 552 WICKWANE.

145 659 328 725 salubriter
345 642 466 725 contra
484 660 683 745 hujusmodi
701 665 966 745 presumptores.
991 659 1159 746 Accepto,
1172 661 1304 747 itaque,

145 758 279 816 nonest
292 752 435 830 dudum,
449 758 602 837 exparte
620 751 761 817 rectoris
778 752 821 816 de
835 751 883 830 S,
899 759 1016 817 nostre
1033 752 1192 832 diocesis,
1212 753 1305 839 quod

145 843 301 908 nonnulli
322 844 521 929 parochiani
542 843 605 922 sui,
629 843 862 909 indevocionis
883 843 1043 929 spiritum
1064 844 1264 924 induentes
1285 866 1305 911 a

145 935 261 1026 debite
281 935 477 1001 devocionis
498 936 622 1001 semita
641 941 740 1001 motu
761 936 943 1001 temerario
963 936 1125 1022 elongati,
1147 936 1304 1023 garbalm

145 1026 295 1092 decimas
312 1028 472 1112 parochie
489 1027 644 1113 ejusdem
657 1027 722 1093 sibi
731 1028 953 1106 subtrahunt,
964 1027 1031 1106 vel,
1043 1029 1304 1095 machinacione

145 1119 318 1197 malivola,
329 1119 440 1184 colore
456 1119 649 1204 impediunt
660 1119 831 1204 exquisito
846 1120 1031 1204 quominus
1045 1119 1199 1186 decimas
1214 1121 1306 1207 ipsas

145 1231 239 1275 more
259 1217 422 1276 consueto
442 1218 477 1277 et
496 1212 614 1278 debito
633 1211 742 1297 possit
761 1211 932 1297 percipere
954 1217 990 1277 et
1011 1233 1032 1277 a
1048 1212 1183 1298 campis
1200 1212 1318 1279 libere·

145 1302 315 1377 abducere
328 1305 404 1388 jure
420 1324 493 1381 suo,
517 1304 553 1368 in
569 1303 675 1389 ipsius
691 1303 831 1368 rectoris
846 1300 1063 1388 dispendium
1079 1310 1115 1370 et
1131 1304 1305 1371 dictorum

145 1396 432 1480 parochianorum
486 1395 674 1480 periculum
729 1396 946 1474 animarum3
1010 1396 1193 1461 devocioni
1247 1404 1306 1463 tue

145 1488 351 1553 mandamus
374 1488 539 1573 quatinus
556 1488 782 1573 parochianos
799 1488 891 1573 ipsos
908 1508 1049 1553 moneas
1066 1488 1256 1555 efficaciter
1271 1497 1305 1555 et

146 1579 289 1645 inducas
318 1580 413 1664 quod
443 1580 566 1645 rectori
596 1601 659 1646 suo
689 1581 731 1644 de
762 1579 863 1645 dictis
894 1579 1034 1645 decimis
1064 1586 1100 1646 et
1130 1580 1306 1667 dampnis,

146 1672 322 1736 occasione
338 1671 585 1738 subtraccionis
601 1672 761 1737 malivole
776 1671 968 1737 subsecutis
981 1692 1041 1737 seu
1063 1672 1309 1758 impedimenti

146 1764 330 1848 quominus
368 1764 622 1829 abducerentur
657 1763 784 1849 prefati
821 1763 975 1829 celeriter
1010 1763 1244 1844 satisfaciant,
1267 1772 1308 1832 ut

145 1862 309 1924 tenentur
320 1878 327 1933 ;
340 1856 491 1940 alioquin
502 1877 569 1934 eoa,
581 1863 750 1941 tanquam
759 1877 830 1920 non
839 1855 1050 1921 decimantes
1060 1861 1095 1921 et
1104 1855 1310 1924 libertatem

146 1947 410 2012 ecclesiasticam
429 1947 696 2033 dampnabiliter
713 1948 947 2033 infringentes
960 1948 996 2013 in
1009 1947 1151 2034 majoris
1167 1969 1309 2015 excom-

146 2040 391 2105 municacionis
433 2040 644 2105 sentenciam
686 2046 807 2105 contra
850 2039 936 2104 tales
978 2040 1043 2104 Dei
1084 2045 1120 2105 et
1163 2041 1310 2107 ecclesie

146 2131 359 2196 adversarios
402 2183 541 2197 .......
585 2132 715 2197 tissime
751 2130 1017 2216 promulgatam,
1054 2151 1116 2216 per
1150 2132 1312 2219 singulas

146 2223 304 2288 ecclesias
334 2223 386 2289 tui
416 2224 605 2289 decanatus
634 2223 770 2309 puplice
800 2229 835 2288 et
865 2223 1086 2308 solempniter
1115 2223 1151 2288 in
1182 2245 1312 2310 genere

146 2315 330 2380 denuncies
345 2315 512 2380 incidisse.
560 2316 675 2400 Aqua
690 2315 957 2381 denunciacione
974 2336 1045 2381 non
1065 2335 1175 2382 cesses
1195 2317 1313 2384 donec

147 2407 240 2473 dicto
279 2408 403 2473 rectori
443 2408 513 2489 [de]
552 2407 725 2493 premissis
764 2407 869 2472 tuerit
915 2457 1009 2472 .....
1018 2413 1071 2472 ter
1108 2413 1145 2473 et
1187 2409 1312 2476 debite

146 2499 374 2565 satisfactum.
447 2500 556 2584 Super
609 2520 756 2583 quorum
810 2499 1007 2564 nominibus
1060 2498 1313 2568 nichilominus

147 2591 326 2676 diligenter
338 2591 500 2676 inquiras.
548 2592 641 2676 Quos
654 2598 772 2657 autem
786 2591 850 2656 rite
862 2597 1013 2670 notatos,
1028 2597 1105 2669 etc,
1119 2591 1311 2673 inveneris,

146 2683 230 2749 cites
246 2683 474 2768 peremptorie
490 2683 595 2768 quod,
613 2690 678 2749 etc.
725 2684 820 2761 Dat„
838 2689 903 2748 ete.

5 2828 10 2839 .
61 2838 69 2854 ,
190 2776 391 2861 935.3kal.
413 2775 495 2840 Maii
515 2775 625 2861 (April
644 2780 711 2860 29),
733 2775 829 2841 1286.
876 2776 1020 2840 Lanum.
1041 2775 1165 2841 Notice
1185 2782 1226 2842 to
1246 2778 1312 2844 the

145 2868 238 2952 prior
273 2868 342 2933 and
377 2874 527 2933 convent
562 2869 598 2932 ot
632 2868 848 2952 Thurgerton
882 2867 931 2953 by
966 2867 1172 2953 arehbishop
1210 2869 1312 2953 John

147 2960 325 3025 Romanus
342 2961 378 3024 oi
393 2960 446 3024 his
462 2960 635 3025 intention
652 2967 689 3024 to
706 2960 788 3025 visit
805 2960 865 3024 the
881 2960 988 3024 house
1005 2980 1050 3024 on
1067 2959 1197 3046 Friday
1215 2963 1313 3028 after

146 3053 205 3116 the
239 3052 423 3116 Invention
456 3053 492 3116 ot
524 3053 583 3116 the
616 3052 714 3117 Cross
748 3051 843 3136 (May
877 3054 943 3133 10).
992 3051 1067 3134 (See
1098 3052 1312 3121 Romanus’s

145 3144 301 3229 Regimen,
321 3145 367 3208 ro.
387 3143 456 3229 69.)
