2994 4996
261 447 319 510 106
376 464 442 510 THE
464 463 627 510 REGISTER
647 463 690 510 OF
710 463 921 510 ARCHBISHOP
942 464 1089 512 WILLIAM
1111 467 1311 515 WICKWANE.

259 627 447 693 secundum
480 627 593 691 Deum
626 626 812 711 adjutrices
834 626 1047 712 porrigamus
1071 630 1116 694 ad
1139 630 1269 696 eadem.
1317 631 1414 710 Cum,

261 720 374 804 igitur,
412 718 580 783 Katerina
613 717 656 782 de
690 717 912 803 Danethorpe
946 719 1023 784 labe
1058 720 1254 806 divulgetur
1286 723 1415 789 infecta

261 811 466 888 detestabili,
486 810 572 874 adeo
589 810 684 895 quod
702 810 832 894 absque
858 810 932 895 ejus
950 813 1125 895 presencia
1141 815 1319 898 corporali,
1338 822 1415 881 tum

259 910 400 988 propter
436 904 620 968 veritatem
656 901 848 980 dicendam,
880 909 957 968 tum
987 911 1130 989 propter
1156 905 1239 971 alias
1272 907 1415 972 circum-

258 996 418 1072 stancias,
435 993 529 1059 ablui
553 993 673 1077 nequit
689 1014 749 1058 seu
776 1001 944 1078 oportune
959 995 1093 1074 curari3
1121 996 1185 1061 tibi
1209 998 1415 1065 mandamus

257 1088 422 1171 quatinus
462 1086 653 1171 predictam
696 1085 899 1151 Katerinam
927 1087 1011 1153 cites
1055 1090 1294 1174 peremptorie,
1320 1091 1414 1174 quod

257 1186 455 1264 compareat
495 1198 610 1243 coram
650 1177 749 1242 nobis
789 1179 1013 1262 personaliter
1051 1179 1087 1245 in
1126 1181 1275 1246 crastino
1307 1182 1414 1248 Beate

260 1271 424 1336 Katerine
462 1269 609 1355 Virginis
648 1268 750 1351 (Nov.
776 1269 844 1351 26),
883 1271 976 1355 apud
1015 1271 1179 1351 Burtone‚
1211 1294 1313 1358 super
1349 1275 1414 1339 sibi

258 1363 454 1440 obiciendis,
472 1363 517 1427 ad
541 1362 727 1427 salutarem
751 1361 1005 1427 edificacionem
1028 1364 1193 1449 ejusdem,
1211 1385 1415 1450 responsura

258 1462 292 1520 et
305 1455 373 1540 juri
387 1455 542 1540 paritura
557 1476 564 1531 ;
581 1474 644 1519 nos
657 1473 759 1538 super
772 1453 970 1539 hujusmodi
984 1456 1187 1522 execucione
1200 1458 1357 1523 mandati
1369 1459 1414 1524 ad

257 1547 348 1611 diem
364 1547 555 1612 certificans
571 1565 632 1630 per
647 1552 726 1610 tuas
741 1544 886 1623 litteras,
904 1553 968 1613 etc.

94 1678 229 1720 nanneto
301 1670 375 1734 341.
424 1670 462 1715 11
489 1650 556 1715 kal.
583 1649 665 1714 Dec.
694 1649 796 1731 (Nov.
824 1668 876 1727 21,
904 1650 1014 1733 1280).
1062 1652 1226 1718 Burtone.
1273 1654 1413 1721 Decano

94 1729 227 1820 ffilffit‘ff
257 1743 299 1808 de
329 1743 524 1808 Herthillel.
572 1742 658 1807 Cum
687 1762 730 1806 ex
760 1741 963 1807 recitacione
992 1751 1149 1809 actorum
1178 1748 1413 1812 communium

92 1831 245 1930 gffigffi
256 1836 355 1901 nobis
370 1834 563 1900 constiterit
578 1833 756 1898 evidenter
772 1833 944 1918 Rogerum
960 1835 1002 1899 de
1018 1836 1156 1923 Helsey,
1172 1838 1411 1922 presbiterum,

91 1931 236 2022 {gffiffkg
257 1927 302 1992 ad
325 1927 572 1992 confessionem
595 1946 694 1990 suam
716 1925 925 2010 judicialiter
947 1927 1088 2006 factam,
1113 1929 1277 2014 magistro
1302 1931 1344 1995 R.
1369 1932 1412 1996 de

90 2030 198 2082 ostent,
236 2013 372 2084 'Lesset
396 2020 431 2084 in
454 2029 532 2104 111]οῗ
554 2017 678 2082 marcis
700 2017 950 2102 sterlingorum,
969 2019 1005 2083 in
1021 2020 1109 2085 festo
1132 2019 1250 2086 Sancti
1272 2022 1411 2088 Martini

90 2082 157 2122 anda

90 2134 180 2183 penny
192 2134 216 2174 οε
228 2135 241 2174 4
254 2112 410 2195 proxime
430 2111 605 2195 preterit0,
626 2110 691 2174 sub
707 2130 797 2193 pena
816 2109 894 2193 iiijor
914 2131 1119 2189 marcarum,
1136 2112 1172 2176 in
1189 2113 1411 2180 refeccionem

89 2184 241 2284 filistim
255 2204 374 2269 Pontis
395 2203 480 2267 Belli
500 2201 760 2279 committenda,
781 2202 963 2279 solvendis,
985 2203 1059 2287 ipso
1079 2206 1305 2289 approbante,
1325 2207 1411 2290 juris

88 2284 199 2387 {ssffssffi
253 2296 370 2361 ordine
380 2295 574 2372 observate,
587 2313 648 2378 pcr
657 2294 809 2378 precepti
822 2295 1033 2359 sentenciam
1043 2295 1214 2361 extitisse2
1226 2298 1410 2384 condemp-

251 2395 384 2465 natum,
416 2408 479 2453 nec
509 2386 611 2464 idem,
636 2385 716 2450 licet
747 2385 913 2452 terminus
942 2387 1124 2453 solucionis
1153 2388 1308 2454 faciende
1338 2390 1410 2476 jam

251 2479 441 2565 preterierit
478 2478 628 2555 omnino,
664 2477 871 2556 satisfacere,
896 2485 936 2543 ut
961 2479 1133 2557 asseritur,
1171 2482 1343 2546 curaverit
1367 2483 1409 2548 de

251 2572 423 2657 premissis
438 2595 446 2649 ;
480 2569 659 2636 devocioni
686 2576 799 2634 vestre
816 2569 958 2634 firmiter
974 2571 1185 2656 injungendo
1202 2574 1408 2640 mandamus

250 2665 415 2749 quatinus
426 2663 620 2747 predictum
630 2661 858 2745 presbiterum
870 2669 1050 2727 moneaset
1060 2663 1242 2729 efficaciter
1253 2665 1407 2744 inducas,

252 2764 291 2822 ut
307 2764 381 2822 tam
406 2757 448 2820 de
463 2755 580 2820 debito
595 2753 775 2838 principali
789 2774 895 2838 quam
910 2774 999 2838 pena
1014 2755 1197 2822 commissa
1211 2757 1407 2823 satisfacere

251 2854 410 2933 procuret
426 2848 556 2931 absque
571 2866 668 2910 mora
682 2867 690 2923 ;
720 2844 872 2929 alioquin
886 2846 999 2930 ipsum
1015 2847 1060 2911 ad
1074 2847 1139 2913 hoc
1153 2868 1214 2933 per
1228 2869 1406 2915 censuram

251 2940 514 3007 ecclesiasticam
526 2937 688 3004 canonice
700 2937 884 3022 compellas
896 2937 970 3004 vice
982 2945 1110 3004 nostra.
1135 2941 1188 3005 De
1199 2961 1300 3026 pena,
1313 2963 1405 3020 vero,

250 3053 357 3117 quam
391 3032 494 3097 cicius
528 3051 604 3095 eam
639 3029 786 3113 recipere
829 3030 1018 3116 contingat,
1062 3031 1161 3097 nobis
1195 3033 1407 3118 integraliter

251 3124 453 3209 respondere
471 3144 541 3188 non
560 3121 721 3187 retardes.

294 3235 368 3300 342.
417 3235 458 3301 19
478 3215 546 3279 kal.
569 3215 648 3297 Jan.
673 3213 768 3294 (Dec.
793 3216 859 3296 14),
884 3214 977 3281 1280.
1026 3215 1189 3281 Burtone.
1236 3218 1349 3283 Fratri
1370 3220 1403 3302 J.

250 3309 291 3374 de
311 3308 504 3393 Queldrike,
524 3305 688 3371 canonico
707 3304 750 3369 de
768 3305 928 3370 Wartria.
984 3307 1069 3372 Cum
1088 3315 1128 3373 tu
1146 3308 1404 3375 inbecillitatem

249 3408 347 3466 tuam
386 3421 426 3466 ac
462 3397 707 3484 impoteneiam
744 3397 973 3476 considerans,
1012 3401 1057 3464 ab
1094 3419 1194 3464 onere
1232 3401 1404 3486 regiminis

247 3493 420 3577 prioratus
439 3492 562 3557 domus
580 3488 697 3574 ipsius,
718 3488 773 3553 cui
792 3488 979 3573 aliquando
997 3491 1216 3556 laudabiliter
1234 3494 1402 3577 prefuisti,

248 3585 393 3650 relaxari
430 3584 599 3649 desideres
636 3589 803 3664 tuamque
840 3581 939 3646 nobis
970 3582 1043 3666 jam
1080 3582 1234 3667 repetitis
1271 3585 1404 3650 vicibus

248 3677 412 3762 optuleris
435 3675 632 3750 cessionem,
656 3680 696 3738 ut
720 3672 877 3738 decetero
900 3673 936 3738 in
959 3681 1077 3739 sancte
1100 3677 1403 3761 contemplacionis

248 3770 322 3835 ocio
341 3776 376 3834 et
396 3767 521 3833 divinis
541 3765 712 3849 obsequiis
731 3765 767 3829 in
786 3765 903 3850 quiete
923 3773 1021 3831 extra
1039 3766 1258 3832 turbulentos
1277 3769 1403 3834 fluctus

246 3861 360 3939 seculi,
377 3860 584 3925 adsalutem
599 3856 671 3921 vite
687 3856 800 3921 anime
814 3863 885 3935 tue,
897 3859 1088 3942 expendere
1101 3860 1216 3925 valeas
1232 3860 1403 3926 residuam

246 3953 465 4038 porcionem;
511 3971 585 4027 nos,
610 3948 847 4013 infirmitatem
871 3957 969 4014 tuam
993 3949 1164 4016 diutinam
1188 3971 1229 4017 ac
1252 3953 1402 4037 corporis

246 4044 504 4111 inbecillitatem
517 4049 551 4107 et
576 4039 808 4125 inpotenciam
821 4042 1051 4120 attendentes,
1064 4050 1163 4109 tuam
1184 4044 1402 4109 admittimus

245 4138 441 4214 cessionem,
456 4142 491 4200 te
505 4136 550 4200 ab
563 4153 663 4198 onere
678 4132 849 4217 regiminis
862 4133 1034 4218 prioratus
1046 4134 1153 4220 ipsius
1166 4136 1402 4201 favorabiliter

80 4205 214 4306 iiififfiiia
245 4231 472 4296 absolventes.
520 4225 766 4301 Provisionem,
791 4225 910 4302 eciam,
936 4225 1000 4290 tibi
1024 4248 1045 4292 a
1068 4227 1245 4312 subpriore
1268 4236 1302 4294 et
1323 4250 1401 4294 con-

80 4307 221 4405 {affigam
244 4330 351 4389 ventu
376 4321 498 4386 domus
534 4317 641 4402 ipsius
664 4336 871 4394 concessam,
897 4317 991 4382 etin
1015 4326 1113 4403 parte
1138 4328 1401 4404 augmentatam

80 4407 185 4448 ”¹³⁶⁶f0‘
194 4410 231 4450 ⁰¹⁶
243 4422 277 4480 et
291 4414 498 4488 roboratam,
510 4417 612 4495 prout
624 4408 659 4473 in
669 4408 906 4473 instrumentis
917 4408 995 4473 inde
1005 4411 1170 4476 confectis
1182 4418 1217 4477 et
1228 4414 1401 4478 communi

78 4457 221 4549 iiiiii-‘¹¹⁶
458 4512 605 4565 merone.
642 4512 691 4561 ro.
708 4510 786 4562 iria.
849 4509 1027 4563 ’Exstitisse
1059 4511 1109 4563 ro.
1125 4512 1202 4565 naa.
