2994 4996
203 480 269 524 THE
291 481 454 526 REGISTER
475 480 517 526 OF
538 479 749 525 ARCHBISHOP
770 477 918 523 WILLIAM
939 475 1140 522 WICKWANE.
1191 470 1249 537 177

57 665 60 668 ‡
93 631 136 696 de
166 632 373 717 Esingwald,
405 640 440 698 et
470 633 689 711 Willelmum,
720 631 853 697 dictum
884 628 1048 707 Russelle,
1079 627 1140 712 qui
1169 646 1249 692 cum

93 724 316 789 Dunelmensi
351 725 521 809 episcopo,
557 726 678 810 priore,
714 724 902 809 suppriore,
938 729 973 786 et
1007 720 1128 786 ceteris
1162 738 1249 804 quos

92 837 202 900 nuper
233 837 295 900 pro
326 818 396 882 suis
427 817 663 893 contumaciis,
687 816 824 881 offensis
851 814 1053 892 manifestis,
1078 833 1119 877 ac
1141 811 1248 876 eciam

92 909 264 992 apostasia
299 909 439 973 crimine
474 909 679 986 detestabili,
705 906 1078 973 excommunicavimus
1113 902 1248 988 publice

91 1006 127 1064 et
160 999 382 1085 solempniter
414 1002 533 1085 previa
566 1001 711 1078 racione,
746 1001 782 1064 in
815 998 977 1084 predictis
1010 994 1247 1072 contumaciiS,

91 1092 240 1169 offensis,
258 1100 294 1158 et
309 1094 449 1158 crimine
466 1093 733 1170 communicant,
746 1091 968 1177 participant,
986 1095 1020 1154 et
1037 1088 1246 1172 conspirant,

90 1184 177 1267 juris
211 1186 455 1250 auctoritatem
489 1186 544 1250 vel
578 1186 739 1250 effectum
773 1184 969 1249 nullatenus
1003 1181 1246 1256 advertentes;

91 1296 154 1340 nec
173 1277 280 1341 eciam
294 1277 459 1362 generalis
471 1277 837 1342 excommunicacionis
852 1274 1063 1340 sentenciam
1078 1273 1114 1336 in
1129 1290 1248 1336 omnes

92 1368 220 1432 eisdem
234 1369 269 1432 in
283 1370 446 1453 predictis
460 1371 627 1446 faventes,
643 1369 869 1445 consulentes
885 1387 985 1451 opem
1000 1365 1055 1430 vel
1069 1363 1247 1440 auxilium,

92 1459 182 1524 clam
200 1461 255 1525 vel
272 1462 399 1544 palam,
418 1462 512 1526 facto
529 1462 584 1525 vel
602 1461 707 1538 dicto,
725 1465 929 1544 prestantes,
950 1457 1086 1523 anobis
1103 1457 1249 1539 solemp-

92 1552 183 1615 niter
209 1559 243 1617 et
269 1554 412 1636 provide
438 1554 703 1638 promulgatam,
731 1552 926 1636 aliqualiter
951 1548 1186 1625 formidantes
1214 1547 1249 1611 in

91 1644 284 1709 animarum
310 1666 450 1709 suarum
470 1645 716 1710 detrimentum
733 1651 767 1709 et
787 1643 987 1709 scandalum
1012 1641 1250 1726 plurimorum,

92 1735 182 1800 sicut
210 1738 304 1801 fama
331 1737 469 1821 publica
496 1738 558 1802 hec
586 1738 702 1801 omnia
729 1736 862 1801 notorie
889 1734 1101 1800 manifestat.
1148 1731 1248 1809 Sane,

92 1828 175 1911 quia
186 1830 304 1893 crebro
316 1830 484 1894 cemimus
496 1829 630 1894 evenire
641 1836 681 1894 ut
693 1849 780 1913 quos
791 1827 835 1893 ad
846 1827 918 1892 vite
929 1826 1052 1891 decora
1063 1823 1249 1889 domestice

91 1919 204 1984 laudis
217 1942 286 1985 non
300 1928 491 2004 provocant
505 1921 672 2005 exempla,
687 1941 750 1985 nec
763 1920 828 1984 Dei
841 1920 945 1984 timor
958 1923 1097 1983 revocat
1112 1938 1132 1982 a
1145 1915 1248 1993 malo,

92 2031 155 2076 nec
169 2012 277 2076 eciam
291 2034 380 2096 pena
393 2014 558 2098 generalis
572 2014 662 2098 cogit
677 2012 838 2078 desistere
852 2012 897 2076 ab
911 2010 1067 2094 inceptis,
1081 2008 1248 2093 specialis,

93 2110 222 2180 tamen,
256 2105 426 2169 medicina
458 2105 614 2170 cohercet
647 2104 872 2170 ecclesiastice
905 2102 1104 2186 discipline;
1169 2120 1249 2165 cum

92 2216 361 2280 nonnuncquam
377 2198 479 2281 juxta
494 2196 673 2282 gentilium
690 2197 886 2262 sancciones
901 2215 968 2280 que
984 2193 1152 2258 notabilia
1167 2198 1250 2257 sunt

92 2287 277 2352 videantur
291 2289 456 2372 neglecta,
472 2290 500 2353 si
515 2289 653 2373 speciali
667 2289 739 2373 lege
753 2309 823 2353 non
837 2287 965 2355 fuerint
979 2285 1225 2370 comprehensa
1240 2306 1248 2362 ;

92 2378 191 2443 vobis
219 2381 425 2445 mandamus
453 2381 618 2466 quatinus
646 2380 817 2465 predictos
845 2379 1027 2464 magistros
1056 2377 1249 2442 Robertum

92 2470 254 2535 Avenelle
281 2479 315 2537 et
342 2473 425 2537 alios
451 2473 606 2557 superius
632 2479 817 2537 annotatos
843 2471 918 2536 vice
943 2476 1061 2536 nostra
1087 2467 1250 2534 Dunelmi

91 2563 298 2628 nominatim
329 2571 364 2628 et
395 2565 530 2649 publice
573 2565 743 2630 moneatis
773 2571 813 2629 ut
844 2564 933 2628 infra
963 2562 1118 2647 spacium
1148 2560 1250 2626 unius

90 2656 226 2732 mensis,
247 2662 436 2740 atempore
451 2657 652 2722 monicionis
671 2663 784 2721 vestre
804 2655 931 2721 eisdem
950 2675 1012 2739 pro
1031 2653 1123 2720 trina
1140 2652 1250 2718 moni-

90 2747 187 2811 cione
223 2749 508 2832 computandum,
543 2770 564 2813 a
590 2749 789 2814 memoratis
825 2747 1075 2824 communione,
1112 2745 1251 2830 partici-

91 2839 245 2921 pacione,
267 2847 301 2904 et
328 2841 582 2925 conspiracione
608 2841 841 2924 predictorum
867 2839 1028 2924 episcopi,
1055 2837 1187 2922 prioris
1213 2843 1249 2903 et

91 2930 236 2994 aliorum
272 2933 478 2997 nominatim
515 2933 901 3010 excommunicatorum,
939 2951 974 2996 se
1010 2929 1178 2996 veraciter
1213 2935 1248 2994 et

91 3022 319 3088 effectualiter
348 3025 513 3089 studeant
544 3025 715 3089 abstinere
745 3031 780 3089 et
811 3023 973 3088 desistere
1003 3022 1049 3088 ab
1078 3020 1247 3105 inceptis;

90 3134 224 3179 necnon
255 3116 297 3179 de
328 3117 517 3182 commissis
548 3116 633 3194 Deo,
665 3116 802 3181 ecclesie
832 3114 1052 3190 Eboracensi,
1083 3119 1119 3179 et
1149 3112 1249 3178 nobis

90 3206 308 3271 satisfaciant
325 3215 561 3293 competenter
576 3232 583 3287 ;
619 3209 771 3293 alioquin
789 3207 937 3286 eosdem,
955 3227 1043 3292 quos
1060 3225 1195 3272 exnunc
1212 3205 1248 3269 in

91 3298 157 3362 hiis
188 3299 333 3383 scriptis,
367 3301 394 3365 si
425 3301 548 3366 vestris
579 3300 829 3365 monicionibus
860 3320 929 3365 non
960 3297 1137 3384 paruerint
1168 3317 1248 3363 curn

90 3389 228 3467 effectu,
263 3392 403 3476 majoris
437 3393 803 3458 excommunicacionis
836 3391 1011 3457 sentencia
1043 3388 1178 3475 publice
1212 3395 1247 3454 et

90 3482 313 3566 solempniter
337 3485 553 3562 innodamus
579 3484 799 3562 involvimus,
825 3490 860 3549 et
885 3504 906 3549 a
929 3482 1105 3548 liminibus
1129 3487 1248 3547 sancte

89 3574 212 3637 matris
230 3575 366 3640 ecclesie
383 3583 648 3660 sequestramus
666 3577 714 3641 sic
730 3575 1045 3641 excommunicatos
1061 3575 1098 3640 in
1112 3572 1196 3638 locis
1212 3573 1248 3641 in

90 3666 217 3749 quibus
231 3667 405 3732 videbitur
421 3670 580 3752 expedire
599 3675 718 3734 nostra
735 3669 808 3733 vice
828 3676 864 3734 et
884 3667 1091 3733 auctoritate
1111 3664 1248 3731 faciatis

89 3757 226 3840 publice
246 3761 423 3837 nunciari;
463 3761 610 3826 citantes
629 3760 870 3826 nichilominus
889 3758 1117 3844 peremptorie
1136 3757 1248 3823 dictos

88 3849 272 3933 magistros
315 3851 357 3916 R.
391 3852 552 3917 Avenelle
584 3859 619 3918 et
652 3853 836 3937 Rogerum,
879 3851 1012 3917 dictum
1042 3850 1074 3915 le
1105 3849 1248 3929 Countl,

89 3961 223 4005 necnon
266 3942 495 4027 Reginaldum
538 3946 580 4009 de
622 3944 794 4030 Bameby‚
837 3944 970 4009 dictum
1011 3948 1247 4008 succentorem

90 4032 368 4113 Dunelmensem,
385 4037 478 4120 quod
495 4036 539 4101 ad
554 4044 665 4102 certos
680 4036 771 4101 diem
787 4042 822 4102 et
836 4036 961 4113 locum,
977 4055 1065 4120 quos
1079 4033 1247 4100 duxeritis

90 4125 303 4209 conjunctim
324 4134 359 4191 et
379 4128 516 4193 divisim
537 4129 770 4214 assignandos,
792 4148 907 4193 coram
927 4127 1026 4192 nobis
1045 4125 1101 4192 vel
1120 4126 1247 4192 nostris

89 4217 330 4283 commissariis
351 4221 575 4303 personaliter
595 4227 829 4305 compareant,
851 4239 954 4304 super
986 4223 1190 4302 contemptu
1211 4224 1247 4283 et

91 4307 336 4388 inobediencia‚
362 4333 402 4376 ac
426 4312 499 4377 aliis
523 4313 588 4378 sibi
611 4311 797 4378 obiciendis
820 4311 1026 4396 responsuri,
1050 4310 1187 4388 facturi,
1211 4317 1248 4376 et

91 4402 259 4483 recepturi
280 4404 385 4487 quod,
407 4404 510 4489 juxta
531 4411 692 4470 naturam
714 4403 845 4488 negocii
865 4410 900 4469 et
922 4402 1007 4469 facti
1027 4402 1246 4488 qualitatem,

529 4532 633 4582 ¹Cunt.
668 4531 717 4581 Fo.
733 4532 812 4583 uad.

1079 4618 1101 4663 1.
