2994 4996
257 462 323 508 THE
346 461 508 509 REGISTER
529 461 571 508 OF
592 449 972 507 ARCHBISHOP'WILLIAM
994 463 1194 508 WICKWANE.
1270 465 1309 512 21

145 663 254 726 quam
277 644 342 707 sub
366 643 489 707 acerba
512 641 657 706 tristicia
680 642 788 705 nostri
812 662 847 705 se
870 642 970 707 nobis
992 643 1190 727 quicquam,
1215 644 1309 728 quod

146 735 250 811 absit,
273 734 455 819 displicens
477 740 697 817 representet.
744 733 875 797 Valete.
1234 787 1235 790 ,

190 844 243 910 71.
292 826 332 890 18
365 827 432 890 kal.
467 825 546 908 Jan.
591 825 685 907 (Dec.
722 839 773 905 15,
811 830 921 910 1279).
984 827 1138 890 Cawode.
1200 827 1309 912 Super
1322 827 1457 869 M²Hd²t⁸²⁰

145 916 369 1001 inquisicione
391 917 549 982 facienda
571 917 613 980 de
635 917 656 1001 ij
683 916 830 981 ecclesiis
852 918 1007 994 exilibus,
1036 925 1153 983 utrum
1178 920 1307 1004 singule
1321 878 1436 986 iiiffi

1321 988 1404 1026 inquire

141 1008 316 1074 sufficiant
338 1009 517 1074 sacerdoti.
564 1008 629 1085 W,
647 1016 724 1086 etc,
743 1008 867 1073 dilecto
883 1010 918 1073 in
942 1010 1076 1074 Christo
1099 1011 1179 1088 filio,
1201 1012 1309 1076 archi·
1321 1028 1416 1068 whether
1427 1029 1463 1069 the

143 1101 290 1166 diacono
327 1101 546 1178 Eboracensi,
585 1100 657 1177 sal,
696 1108 760 1165 etc.
809 1101 943 1165 Dilecto
980 1102 1015 1165 in
1053 1102 1187 1167 Christo
1225 1103 1305 1180 filio,
1320 1078 1460 1177 {llflflf‘

142 1194 256 1277 priore
277 1193 318 1258 de
340 1194 533 1279 Kyrkham‚
550 1192 780 1257 intelleximus
797 1194 973 1269 referente,
995 1193 1100 1278 quod,
1122 1216 1200 1259 cum
1221 1195 1308 1260 duas
1320 1178 1447 1268 lidi&

144 1285 180 1349 in
196 1285 338 1350 civitate
353 1285 561 1350 Eboracensi
577 1285 734 1368 optineat
749 1285 916 1362 ecclesias.
934 1285 978 1348 ad
993 1287 1067 1369 ejus
1082 1293 1307 1369 patronatum
1321 1278 1435 1370 diffie

143 1383 352 1461 spectantes
369 1376 540 1452 videlicet,
559 1376 658 1441 Beati
675 1376 768 1441 Petri
783 1377 818 1440 in
834 1376 1065 1461 Walmcsgate
1081 1385 1116 1442 et
1132 1379 1308 1443 ecclesiam
1321 1379 1403 1419 mileu.

145 1469 248 1532 Beati
267 1470 440 1533 Michaelis
458 1469 523 1533 sibi
541 1469 750 1552 contiguam,
770 1468 900 1551 singule
919 1469 1056 1533 ecclesie
1075 1470 1119 1533 ad
1137 1477 1310 1535 sustenta-

143 1561 278 1625 cionem
309 1561 438 1645 proprii
469 1581 538 1624 non
570 1559 745 1624 sufficiunt
776 1560 986 1638 sacerdotis,
1019 1562 1180 1645 quocirca
1211 1564 1310 1627 vobis

142 1652 351 1716 mandamus
366 1653 541 1737 quatinus,
558 1652 739 1736 superbiis
754 1653 919 1736 inquisita
933 1652 968 1715 in
984 1653 1136 1737 capitulo
1152 1655 1310 1733 veritate,

142 1744 245 1808 nobis
269 1745 353 1829 quid
378 1765 439 1829 per
463 1744 722 1828 inquisicionem
748 1744 947 1808 inveneritis
972 1744 1118 1809 fideliter
1143 1746 1308 1823 referatis

141 1856 205 1900 seu
219 1857 279 1920 per
301 1843 454 1901 vestram
467 1841 646 1920 patentem
668 1836 820 1900 litteram
836 1836 1040 1912 rescribatis
1057 1843 1096 1901 ut
1120 1838 1308 1902 secundum

142 1928 258 1991 Deum
276 1928 311 1991 in
329 1929 441 1992 forma
457 1928 543 2012 juris
561 1927 605 1990 ad
623 1928 931 1992 consolidacionem
949 1928 1185 2012 procedamus,
1205 1938 1308 2014 prout

141 2019 304 2103 expedire
325 2020 522 2097 viderimus
545 2019 741 2084 earundem.
789 2020 919 2084 Valete.

188 2129 242 2194 72.
289 2112 308 2176 8
342 2111 419 2176 idus
453 2112 534 2176 Dec.
583 2112 678 2192 (Dec.
713 2111 759 2191 6),
808 2129 902 2195 1279.
959 2112 1114 2176 Cawode.
1169 2114 1306 2177 Forma.
1320 2129 1466 2229 {3333qu

142 2203 278 2267 Littera
297 2225 359 2286 pro
379 2202 605 2268 admittendis
624 2202 863 2267 collectoribus
883 2204 999 2287 pontis
1015 2203 1057 2268 de
1082 2205 1307 2270 Donecastrra
1320 2229 1438 2279 snagan

1321 2281 1440 2320 Doncaster

142 2302 179 2359 et
233 2295 424 2359 collationis
470 2313 527 2359 XL.
585 2294 717 2358 dierum
763 2294 977 2378 indulgencie
1030 2296 1307 2362 benefactoribus
1320 2331 1418 2369 murth,

141 2386 310 2471 ejusdem.
356 2386 422 2463 W,
452 2393 529 2464 etc,
559 2387 811 2451 venerabilibus
844 2388 1008 2452 fratribus
1036 2395 1071 2451 et
1099 2389 1307 2473 coepiscopis
1320 2380 1425 2470 3⁰23}ss

140 2479 280 2555 nostriS,
300 2499 432 2543 necnon
452 2485 486 2543 et
505 2478 638 2543 dilectis
656 2479 691 2541 in
710 2479 845 2543 Christo
863 2478 951 2556 filiis,
972 2479 1169 2556 abbatibus,
1189 2481 1307 2564 priori-

143 2571 222 2646 buS,
246 2570 503 2647 archidiaconis
527 2570 739 2646 officialibus,
764 2570 912 2647 decaniS,
936 2577 971 2635 et
994 2571 1067 2635 aliis
1090 2571 1307 2636 ecclesiarum

139 2661 283 2747 prelatis
307 2663 484 2738 universis,
509 2683 570 2746 per
593 2662 826 2726 Eboracenses
850 2662 1012 2727 diocesim
1035 2669 1070 2727 et
1094 2665 1307 2746 provinciam

141 2754 353 2829 constitutis
375 2754 449 2831 sal„
471 2760 536 2818 etc.
583 2753 814 2818 Attendentes
834 2753 929 2838 quod
950 2755 1123 2839 reparacio
1144 2757 1306 2839 poncium

141 2846 237 2910 ultra
257 2845 400 2909 flumina
421 2845 463 2909 de
485 2846 563 2909 Don
585 2853 620 2909 et
642 2846 811 2910 Cheswalt
833 2845 926 2930 apud
948 2847 1237 2925 Danecastriam,1
1261 2847 1306 2911 ad

139 2936 326 3001 vitandum
364 2936 514 3021 pericula
553 2944 727 3014 consueta,
767 2944 819 3002 est
867 2937 1054 3002 admodum
1103 2940 1303 3016 necessaria,

137 3035 216 3095 tam
239 3029 357 3093 incolis
380 3050 486 3113 quam
510 3029 618 3093 eciam
657 3029 926 3106 transeuntibus
952 3029 996 3093 ad
1030 3031 1304 3095 subveniendum

138 3120 264 3197 eidem,
297 3120 449 3185 fidelium
480 3128 614 3186 mentes
646 3120 808 3185 duximus
839 3120 1040 3185 excitandas
1072 3124 1236 3207 quatinus
1268 3131 1302 3188 et

139 3212 414 3277 emolumentum
437 3213 625 3297 temporale
648 3213 814 3296 recipiant
838 3219 1066 3290 transeuntes
1084 3221 1119 3279 et
1141 3216 1302 3279 meritum

139 3304 318 3388 spirituale
349 3305 409 3389 qui
439 3324 562 3368 manus
592 3305 805 3388 porrexerint
841 3304 1036 3388 adjutrices.
1085 3305 1304 3391 Quapropter

139 3396 361 3460 universitati
382 3402 495 3460 vestre
517 3397 730 3480 presencium
752 3402 869 3460 tenore
891 3396 1107 3474 mandamus
1131 3398 1166 3461 in
1188 3400 1303 3463 remis-

139 3489 273 3551 sionem
302 3489 400 3552 vobis
428 3489 664 3572 peccaminum
693 3489 921 3572 injungentes,
951 3489 1115 3572 quatinus
1143 3511 1303 3574 procura-

139 3586 234 3644 tores
269 3580 430 3663 poncium
465 3579 708 3663 predictorum,
745 3601 824 3644 cum
860 3579 905 3643 ad
940 3600 1001 3643 vos
1037 3583 1204 3659 venerint,
1241 3604 1302 3666 pro

136 3671 294 3737 fidelium
309 3672 500 3735 elemosinis
514 3670 720 3755 colligendis
737 3671 962 3736 admittentes
977 3672 1132 3757 benigne,
1148 3674 1303 3757 parochi-

139 3783 227 3827 anos
244 3770 278 3826 et
291 3763 448 3827 subditos
459 3769 592 3827 vestros
608 3762 791 3827 efficaciter
806 3763 978 3827 inducatis
991 3764 1095 3847 quod,
1108 3765 1150 3829 de
1166 3766 1265 3829 bonis
1282 3787 1302 3829 a

138 3855 216 3919 Deo
249 3855 313 3918 sibi
345 3855 487 3932 collatis
523 3854 567 3918 ad
600 3856 853 3938 reparacionem
886 3854 1087 3938 predictam,
1121 3857 1302 3921 caritative

139 3946 321 4011 conferant
333 3945 485 4010 subsidia
495 3946 660 4010 caritatis.
708 3946 790 4024 Nos,
802 3947 903 4023 enim,
915 3946 957 4010 de
980 3947 1044 4010 Dei
1059 3948 1300 4026 misericordia,

137 4039 249 4103 Beate
266 4038 414 4122 Virginis
432 4038 547 4115 Marie,
562 4039 749 4103 Beatorum
768 4038 1023 4123 Apostolorum,
1038 4039 1131 4104 Petri
1143 4046 1178 4104 et
1192 4040 1300 4118 Pauli,

247 4177 444 4226 ¹Alternative
456 4177 571 4240 reading
583 4177 732 4226 interlined
746 4192 782 4227 on
796 4178 832 4227 fo.
848 4179 864 4227 7
875 4177 1141 4229 :—Transeuntibus
1154 4185 1195 4228 est
1204 4180 1300 4229 admo-

134 4247 207 4295 dum
220 4244 383 4300 necessaria,
398 4245 433 4294 ad
446 4245 595 4293 vitandum
604 4243 752 4294 iminencia
770 4244 956 4309 periculaque
975 4247 1120 4311 presertim
1130 4260 1179 4309 per
1193 4245 1300 4295 terribi-

132 4315 191 4362 lem
202 4311 403 4360 inundancium
411 4312 555 4360 fluminum
566 4311 740 4374 frequencius
747 4312 908 4376 voraginem
914 4313 1110 4362 discriminosis
1116 4313 1262 4362 eventibus
1270 4328 1299 4362 se

133 4380 301 4435 ostendunt,
316 4379 352 4428 ad
365 4378 586 4427 subveniendum
599 4378 702 4429 fabrice
719 4378 814 4441 pontis
833 4378 999 4436 Stanfordie,
1015 4385 1060 4429 etc
1062 4414 1295 4430 ..........

136 4447 293 4510 temporale
307 4445 456 4494 comodum
471 4450 646 4495 transeuntes
659 4445 793 4510 recipiant
808 4450 836 4494 et
850 4445 994 4509 spirituale
1006 4445 1146 4503 meritum,
1161 4451 1214 4496 ete.
