2994 4996
275 466 342 511 THE
364 466 528 513 REGISTER
549 466 591 512 OF
612 465 824 513 ARCHBISHOP
844 467 993 514 WILLIAM
1013 467 1216 518 WICKWANE.
1265 468 1323 529 301

121 651 124 657 ·
165 626 327 691 omnibus
344 627 405 711 qui
423 627 586 691 interesse
604 625 807 705 debuerant,
827 626 872 692 ad
890 626 1094 693 eleccionem
1109 647 1204 694 more
1222 627 1323 693 solito
1337 626 1463 717 N⁰⁸20¹¹3³⁸

1352 678 1396 718 rior
1403 688 1417 717 o

166 724 414 802 processerunt.
462 717 616 803 Quorum
647 718 861 797 eleccionem,
894 719 994 785 nobis
1025 719 1229 798 exhibitam,
1261 740 1324 804 pro
1337 690 1481 868 sshgacgtgn.

166 830 206 874 eo
234 810 329 894 quod
357 831 434 874 eam
461 810 575 875 minus
604 810 805 876 canonicam
832 811 1027 878 invenimus
1055 818 1090 878 et
1118 811 1322 890 discordem,
1339 830 1372 870 Ro
1389 829 1427 870 .of

166 908 306 967 tantum
328 902 467 987 justicia
490 902 700 968 cassavimus
716 903 884 988 exigente,
908 910 944 969 et
967 903 1096 982 domui,
1120 905 1220 990 cujus
1242 879 1439 990 curallll‘la

167 993 391 1078 spiritualiter
404 994 504 1059 nobis
518 994 698 1071 incumbit,
714 1014 821 1079 quam
835 1015 905 1060 non
919 995 984 1061 nisi
999 1017 1078 1062 cum
1093 995 1191 1082 gravi
1204 1001 1325 1062 nostro
1337 979 1442 1032 ‘md'

167 1086 317 1170 periculo
339 1085 527 1170 relinquere
548 1086 738 1170 poterimus
759 1085 961 1166 desolatam,
983 1087 1325 1174 ydone0,.quatenus

167 1198 188 1241 a
213 1178 287 1242 Deo
313 1178 542 1263 concepimus,
569 1177 784 1263 providimus
809 1178 852 1243 de
877 1178 990 1264 priore
1014 1181 1148 1265 prefate
1174 1179 1323 1246 ecclesie.

169 1270 280 1354 Igitur
300 1269 342 1334 de
362 1290 508 1354 persona
527 1269 643 1335 fratris
663 1269 809 1346 Gilberti
828 1270 871 1335 de
891 1271 1002 1338 Ponte
1022 1271 1139 1357 Burgi,
1160 1270 1325 1338 canonico

167 1361 209 1425 de
226 1361 353 1426 Sancto
370 1361 540 1439 Oswald0,
557 1361 622 1426 viri
638 1362 759 1446 utique
775 1362 811 1427 in
826 1362 1062 1447 spiritualibus
1086 1363 1223 1448 providi
1239 1369 1274 1429 et
1289 1363 1326 1427 in
1363 1446 1367 1451 ᾖ

168 1452 415 1537 temporalibus
432 1453 681 1538 circumspecti,
700 1453 760 1538 qui
778 1475 799 1519 a
815 1475 942 1540 magna
958 1462 1057 1540 parte
1074 1461 1267 1520 conventus
1283 1454 1326 1519 de

166 1545 401 1629 Thurgertone
443 1551 477 1610 et
512 1545 587 1610 aliis
631 1545 811 1630 fidedignis
854 1545 1042 1631 plurimum
1089 1547 1326 1625 comendatur,

167 1637 404 1721 providimus;
475 1658 579 1722 quem
614 1657 657 1702 ex
690 1644 790 1722 parte
825 1638 952 1723 prelati
986 1646 1190 1717 conventus,
1225 1639 1328 1725 juxta

167 1728 455 1813 composicionem
475 1729 648 1794 intervos
669 1735 704 1794 et
724 1729 827 1814 ipsos
850 1736 891 1795 ut
912 1729 1049 1810 dicitur,
1071 1731 1206 1810 initam,
1227 1730 1328 1796 vobis

167 1820 328 1886 volumus
359 1821 559 1905 presentari,
591 1827 632 1886 ut
663 1821 744 1886 huic
775 1821 964 1906 provisioni
994 1829 1122 1901 nostre,
1154 1842 1222 1907 que
1252 1822 1328 1887 vice

169 1912 345 1977 eleccionis
366 1912 530 1990 succedit,
553 1919 708 1978 vestrum
728 1914 913 1979 honestum
933 1914 1106 1999 prebeatis
1127 1934 1327 1992 assensum;

169 2011 329 2088 rogantes
348 2004 514 2089 quatinus
534 2006 708 2088 prefatum
729 2003 769 2070 G.
790 2004 826 2070 in
845 2005 994 2090 priorem
1012 2026 1122 2091 quern.
1136 2005 1328 2071 creavimus

169 2103 347 2180 gratanter
376 2102 412 2161 et
441 2096 600 2161 benivole
631 2095 838 2176 admittatis
869 2098 968 2182 cujus
997 2117 1109 2163 mores
1139 2104 1175 2165 et
1204 2097 1329 2164 merita

169 2187 352 2266 habebitis,
377 2187 483 2253 dante
506 2188 667 2266 Domin0,
692 2188 908 2255 comendata.

212 2279 353 2344 Eisdem
373 2280 428 2345 die
448 2286 483 2345 et
502 2280 588 2345 loco.
634 2278 813 2365 Suppriori
832 2287 868 2346 et
888 2281 1075 2348 conventui
1095 2282 1138 2347 de
1157 2281 1328 2367 Thurgar-
1342 2289 1445 2382 upote
1457 2293 1494 2381 20,

169 2378 261 2450 tone,
278 2380 343 2438 etc.
390 2371 519 2437 Oblata
533 2371 633 2437 nobis
647 2392 691 2437 ex
705 2379 805 2456 parte
819 2379 937 2439 vestra
951 2372 1087 2440 duabus
1101 2373 1328 2440 eleccionibus
1341 2351 1478 2433 {blm

170 2485 231 2548 per
247 2485 310 2529 vos
327 2464 440 2542 iactis,
458 2485 607 2549 quarum
624 2484 694 2529 una
711 2463 754 2529 de
772 2465 878 2529 fratre
895 2464 1093 2532 Alexandro
1110 2464 1153 2531 de
1170 2465 1327 2550 Gedling,
1341 2441 1467 2552 ‘lllyp‘lrie

170 2561 205 2620 et
224 2555 291 2619 alia
309 2556 352 2620 de
370 2556 476 2620 tratre
496 2555 662 2621 Nicholao
678 2555 721 2620 de
739 2555 917 2643 Gamelay,
937 2557 1175 2623 concanonicis
1193 2556 1328 2636 vestris,
1342 2542 1459 2642 fimf

170 2647 288 2712 extitit
318 2653 542 2732 attemptata,
573 2668 631 2712 eas
660 2647 958 2727 examinavimus3
1014 2669 1112 2734 quas,
1143 2649 1226 2734 quia
1254 2655 1329 2715 tam
1342 2644 1424 2695 bfldsst

170 2746 292 2804 contra
311 2759 459 2804 canones
474 2759 581 2824 quarn
597 2741 744 2805 formam
764 2739 938 2806 Generalis
954 2739 1095 2807 Concilii
1110 2741 1222 2807 lactas
1237 2760 1330 2806 com-

171 2831 332 2915 perimus
349 2852 419 2895 non
435 2851 659 2915 personarum
675 2831 775 2910 vicio,
793 2838 845 2897 est
861 2839 1003 2918 propter
1018 2834 1127 2899 iorme
1142 2832 1328 2911 defectum,

171 2923 338 2987 irritando
348 2923 720 3008 cassavimus,justicia
729 2923 897 3009 exigente.
944 2924 1330 2991 Postulacionesautem

172 3015 258 3079 duas
276 3015 375 3079 nobis
394 3015 502 3080 eciam
520 3035 563 3079 ex
580 3021 679 3099 parte
697 3021 814 3082 vestra
831 3015 1015 3095 exhibitas,
1033 3036 1182 3103 quarum
1199 3036 1270 3083 una
1287 3016 1331 3081 de

172 3107 278 3171 fratre
306 3107 440 3191 Rogero
466 3106 509 3171 de
536 3106 694 3193 Batelay,
721 3107 953 3175 concanonico
978 3115 1106 3187 vestr0,
1133 3115 1169 3175 et
1195 3107 1263 3175 alia
1288 3107 1332 3174 de

172 3199 279 3263 tratre
304 3198 459 3264 Gilberto
485 3198 664 3263 de-Ponte
690 3199 807 3284 Burgi,
834 3200 999 3267 canonico
1024 3199 1144 3267 Sancti
1169 3199 1331 3278 Oswaldi,

173 3292 266 3355 iacta
295 3290 424 3368 extitit,
449 3297 526 3356 tum
554 3291 637 3375 quia
665 3291 701 3355 in
729 3291 841 3356 forma
863 3298 1051 3377 peccarunt
1074 3291 1226 3371 Concilii,
1253 3299 1330 3358 tum

171 3382 254 3467 quia
288 3382 323 3447 in
358 3382 529 3448 discordia
562 3389 798 3467 processerant
832 3383 1028 3463 manifesta,
1062 3404 1140 3454 non
1168 3383 1331 3451 duximus

173 3474 408 3539 admittendas
423 3498 431 3552 ;
470 3482 645 3539 reservata
663 3474 762 3540 nobis
781 3475 986 3561 providendi
1004 3476 1105 3543 vobis
1123 3475 1166 3542 de
1184 3494 1332 3562 persona

173 3567 308 3652 ydonea
320 3572 505 3650 potestate.
542 3565 632 3631 Sane
644 3566 733 3631 circa
745 3573 879 3633 statum
890 3567 1008 3645 vestri,
1020 3588 1125 3655 quem
1136 3568 1332 3635 inmensum

173 3660 372 3743 depressum
391 3658 571 3736 cemimus,
592 3679 711 3723 curam
723 3666 879 3744 gerentes
893 3659 1077 3727 sollicitam
1092 3666 1128 3726 et
1146 3660 1331 3738 intentam,

173 3757 213 3815 ut
239 3751 338 3816 vobis
365 3750 639 3815 consideracione
665 3750 811 3835 provida
836 3751 968 3817 utiliter
993 3752 1223 3831 consulamus,
1249 3751 1333 3837 quia

173 3843 348 3926 prefatum
367 3842 561 3907 Gilbertum
580 3841 623 3906 de
643 3843 753 3908 Ponte
772 3842 889 3928 Burgi,
908 3843 1023 3910 virum
1041 3843 1077 3909 in
1095 3842 1333 3929 spiritualibus

173 3934 358 4017 providum
387 3941 422 3999 et
451 3935 487 3999 in
516 3934 765 4019 temporalibus
793 3934 1092 4021 circumspectum,
1121 3935 1158 4001 in
1186 3934 1334 4023 regulari
1379 3965 1387 3977 ·

174 4026 354 4110 disciplina
396 4027 616 4103 instructum,
661 4047 701 4092 ac
743 4025 934 4093 virtutibus
976 4026 1062 4094 alias
1103 4026 1333 4112 comperimus
1411 4083 1415 4093 ,

173 4118 386 4202 insignitum,
405 4138 508 4202 quem
525 4118 628 4183 multi
644 4124 803 4184 vestrum
817 4119 927 4184 eciam
944 4118 1038 4206 apud
1054 4138 1118 4185 nos
1133 4118 1333 4205 multiplici·

175 4217 228 4274 ter
249 4211 550 4288 commendabant,
573 4209 687 4295 ipsum
708 4209 808 4276 vobis
828 4216 864 4276 et
885 4209 1005 4277 domui
1024 4217 1139 4277 vestre
1159 4210 1203 4277 de
1222 4210 1333 4277 Thur·

175 4307 318 4385 gartone
334 4302 370 4367 in
386 4302 534 4387 priorem
551 4302 766 4386 prefecimus,
784 4308 820 4368 et
836 4302 936 4369 vobis
952 4309 988 4369 et
1004 4300 1143 4369 ecclesie
1158 4308 1274 4369 vestre
1289 4301 1333 4368 de

174 4413 319 4477 persona
330 4414 393 4459 sua
404 4393 618 4479 providimus
629 4393 790 4478 graciose.
837 4393 1004 4481 Quocirca
1015 4392 1331 4472 devocionivestre,

174 4485 209 4548 in
245 4485 375 4551 virtute
411 4491 529 4550 sancte
564 4485 772 4565 obediencie,
808 4486 1020 4575 injungimus
1054 4493 1091 4553 et
1125 4484 1333 4567 mandamus
