<?xml version="1.0" encoding="UTF-8"?>
<!DOCTYPE html PUBLIC "-//W3C//DTD XHTML 1.0 Transitional//EN"
    "http://www.w3.org/TR/xhtml1/DTD/xhtml1-transitional.dtd">
<html xmlns="http://www.w3.org/1999/xhtml" xml:lang="en" lang="en">
 <head>
  <title>
</title>
<meta http-equiv="Content-Type" content="text/html;charset=utf-8" />
  <meta name='ocr-system' content='tesseract 3.04.00' />
  <meta name='ocr-capabilities' content='ocr_page ocr_carea ocr_par ocr_line ocrx_word'/>
</head>
<body>
  <div class='ocr_page' id='page_1' title='image "./registerwilliam00wickgoog_0313.png"; bbox 0 0 2994 4996; ppageno 0'>
   <div class='ocr_carea' id='block_1_1' title="bbox 236 545 1287 608">
    <p class='ocr_par' dir='ltr' id='par_1_1' title="bbox 236 545 1287 608">
     <span class='ocr_line' id='line_1_1' title="bbox 236 545 1287 608; baseline 0.001 -1"><span class='ocrx_word' id='word_1_1' title='bbox 236 545 296 607; x_wconf 82' lang='lat'><strong>226</strong></span> <span class='ocrx_word' id='word_1_2' title='bbox 344 562 411 606; x_wconf 90' lang='lat' dir='ltr'><strong>THE</strong></span> <span class='ocrx_word' id='word_1_3' title='bbox 433 561 597 607; x_wconf 87' lang='lat' dir='ltr'>REGISTER</span> <span class='ocrx_word' id='word_1_4' title='bbox 618 561 660 608; x_wconf 90' lang='lat' dir='ltr'><strong>OF</strong></span> <span class='ocrx_word' id='word_1_5' title='bbox 681 561 893 607; x_wconf 85' lang='lat' dir='ltr'>ARCHBISHOP</span> <span class='ocrx_word' id='word_1_6' title='bbox 914 561 1063 607; x_wconf 84' lang='lat' dir='ltr'>WILLIAM</span> <span class='ocrx_word' id='word_1_7' title='bbox 1084 561 1287 608; x_wconf 79' lang='lat' dir='ltr'>WICKWANE.</span> 
     </span>
    </p>
   </div>
   <div class='ocr_carea' id='block_1_2' title="bbox 86 714 1402 1222">
    <p class='ocr_par' dir='ltr' id='par_1_2' title="bbox 234 714 1402 1166">
     <span class='ocr_line' id='line_1_2' title="bbox 236 714 1402 800; baseline 0 -20"><span class='ocrx_word' id='word_1_8' title='bbox 236 721 343 780; x_wconf 90' lang='lat' dir='ltr'><strong>tenet.</strong></span> <span class='ocrx_word' id='word_1_9' title='bbox 390 715 532 792; x_wconf 90' lang='lat' dir='ltr'><strong>Dicunt,</strong></span> <span class='ocrx_word' id='word_1_10' title='bbox 560 715 709 798; x_wconf 88' lang='lat' dir='ltr'>insuper,</span> <span class='ocrx_word' id='word_1_11' title='bbox 738 714 832 800; x_wconf 93' lang='lat' dir='ltr'><strong>quod</strong></span> <span class='ocrx_word' id='word_1_12' title='bbox 860 714 954 780; x_wconf 90' lang='lat' dir='ltr'><strong>dicta</strong></span> <span class='ocrx_word' id='word_1_13' title='bbox 981 715 1107 779; x_wconf 88' lang='lat' dir='ltr'><strong>Emma</strong></span> <span class='ocrx_word' id='word_1_14' title='bbox 1133 715 1236 798; x_wconf 93' lang='lat' dir='ltr'><strong>petiit</strong></span> <span class='ocrx_word' id='word_1_15' title='bbox 1263 715 1402 780; x_wconf 89' lang='lat' dir='ltr'><strong>dictum</strong></span> 
     </span>
     <span class='ocr_line' id='line_1_3' title="bbox 237 806 1402 891; baseline 0 -19"><span class='ocrx_word' id='word_1_16' title='bbox 237 813 475 872; x_wconf 82' lang='lat' dir='ltr'><strong>tenementum</strong></span> <span class='ocrx_word' id='word_1_17' title='bbox 496 827 615 872; x_wconf 88' lang='lat' dir='ltr'><strong>versus</strong></span> <span class='ocrx_word' id='word_1_18' title='bbox 636 806 808 891; x_wconf 90' lang='lat' dir='ltr'><strong>predictos</strong></span> <span class='ocrx_word' id='word_1_19' title='bbox 829 827 890 890; x_wconf 93' lang='lat' dir='ltr'><strong>per</strong></span> <span class='ocrx_word' id='word_1_20' title='bbox 910 806 1015 872; x_wconf 91' lang='lat' dir='ltr'><strong>breve</strong></span> <span class='ocrx_word' id='word_1_21' title='bbox 1037 806 1079 871; x_wconf 95' lang='lat' dir='ltr'><strong>de</strong></span> <span class='ocrx_word' id='word_1_22' title='bbox 1101 813 1195 872; x_wconf 92' lang='lat' dir='ltr'><strong>recto</strong></span> <span class='ocrx_word' id='word_1_23' title='bbox 1216 807 1252 871; x_wconf 90' lang='lat' dir='ltr'><strong>in</strong></span> <span class='ocrx_word' id='word_1_24' title='bbox 1273 806 1402 873; x_wconf 91' lang='lat' dir='ltr'><strong>ultimo</strong></span> 
     </span>
     <span class='ocr_line' id='line_1_4' title="bbox 236 898 1402 1002; baseline 0.001 -39"><span class='ocrx_word' id='word_1_25' title='bbox 236 898 357 963; x_wconf 91' lang='lat' dir='ltr'><strong>itinere</strong></span> <span class='ocrx_word' id='word_1_26' title='bbox 386 899 666 1002; x_wconf 63' lang='lat' dir='ltr'><strong>judiciariorum,</strong></span> <span class='ocrx_word' id='word_1_27' title='bbox 696 905 851 983; x_wconf 89' lang='lat' dir='ltr'><strong>tempore</strong></span> <span class='ocrx_word' id='word_1_28' title='bbox 881 898 1087 976; x_wconf 90' lang='lat' dir='ltr'><strong>vacacionis,</strong></span> <span class='ocrx_word' id='word_1_29' title='bbox 1119 898 1161 963; x_wconf 90' lang='lat' dir='ltr'><strong>de</strong></span> <span class='ocrx_word' id='word_1_30' title='bbox 1191 918 1262 982; x_wconf 95' lang='lat' dir='ltr'><strong>quo</strong></span> <span class='ocrx_word' id='word_1_31' title='bbox 1293 904 1402 983; x_wconf 90' lang='lat' dir='ltr'><strong>capta</strong></span> 
     </span>
     <span class='ocr_line' id='line_1_5' title="bbox 236 990 1402 1085; baseline 0.001 -30"><span class='ocrx_word' id='word_1_32' title='bbox 236 990 325 1056; x_wconf 84' lang='lat' dir='ltr'><strong>fuit</strong></span> <span class='ocrx_word' id='word_1_33' title='bbox 316 991 496 1075; x_wconf 81' lang='lat' dir='ltr'><strong>inquisicio</strong></span> <span class='ocrx_word' id='word_1_34' title='bbox 512 991 548 1054; x_wconf 92' lang='lat' dir='ltr'><strong>in</strong></span> <span class='ocrx_word' id='word_1_35' title='bbox 572 991 684 1055; x_wconf 82' lang='lat' dir='ltr'><strong>forma</strong></span> <span class='ocrx_word' id='word_1_36' title='bbox 695 1010 819 1075; x_wconf 85' lang='lat' dir='ltr'><strong>magne</strong></span> <span class='ocrx_word' id='word_1_37' title='bbox 835 990 950 1068; x_wconf 86' lang='lat' dir='ltr'><strong>assise,</strong></span> <span class='ocrx_word' id='word_1_38' title='bbox 967 1010 1147 1075; x_wconf 89' lang='lat' dir='ltr'><strong>perquam</strong></span> <span class='ocrx_word' id='word_1_39' title='bbox 1163 990 1259 1055; x_wconf 88' lang='lat' dir='ltr'><strong>dicta</strong></span> <span class='ocrx_word' id='word_1_40' title='bbox 1271 991 1402 1085; x_wconf 82' lang='lat' dir='ltr'><strong>Emma</strong></span> 
     </span>
     <span class='ocr_line' id='line_1_6' title="bbox 234 1082 530 1166; baseline 0 -20"><span class='ocrx_word' id='word_1_41' title='bbox 234 1082 386 1166; x_wconf 88' lang='lat' dir='ltr'><strong>perdidit</strong></span> <span class='ocrx_word' id='word_1_42' title='bbox 403 1083 530 1166; x_wconf 90' lang='lat' dir='ltr'><strong>quiete</strong></span> 
     </span>
    </p>

    <p class='ocr_par' dir='ltr' id='par_1_3' title="bbox 86 1192 112 1222">
     <span class='ocr_line' id='line_1_7' title="bbox 86 1192 112 1222; baseline 0 0"><span class='ocrx_word' id='word_1_43' title='bbox 86 1192 112 1222; x_wconf 72' lang='lat' dir='ltr'><strong>u!</strong></span> 
     </span>
    </p>
   </div>
   <div class='ocr_carea' id='block_1_3' title="bbox 72 1172 1401 2269">
    <p class='ocr_par' dir='ltr' id='par_1_4' title="bbox 107 1172 1401 1789">
     <span class='ocr_line' id='line_1_8' title="bbox 187 1172 1401 1259; baseline 0.001 -21"><span class='ocrx_word' id='word_1_44' title='bbox 187 1189 211 1218; x_wconf 69' lang='lat'><strong>01</strong></span> <span class='ocrx_word' id='word_1_45' title='bbox 279 1189 354 1258; x_wconf 83' lang='lat'><strong>549.</strong></span> <span class='ocrx_word' id='word_1_46' title='bbox 402 1173 569 1239; x_wconf 84' lang='lat' dir='ltr'><strong>Kalendis</strong></span> <span class='ocrx_word' id='word_1_47' title='bbox 592 1173 680 1258; x_wconf 91' lang='lat' dir='ltr'><strong>Aug.</strong></span> <span class='ocrx_word' id='word_1_48' title='bbox 708 1173 808 1258; x_wconf 89' lang='lat' dir='ltr'><strong>(Aug.</strong></span> <span class='ocrx_word' id='word_1_49' title='bbox 836 1193 866 1251; x_wconf 95' lang='lat'><strong>1,</strong></span> <span class='ocrx_word' id='word_1_50' title='bbox 894 1173 1004 1248; x_wconf 74' lang='lat'>1280).</span> <span class='ocrx_word' id='word_1_51' title='bbox 1051 1172 1200 1239; x_wconf 88' lang='lat' dir='ltr'><strong>Oxtone.</strong></span> <span class='ocrx_word' id='word_1_52' title='bbox 1226 1172 1401 1259; x_wconf 87' lang='lat' dir='ltr'><strong>Appoint·</strong></span> 
     </span>
     <span class='ocr_line' id='line_1_9' title="bbox 107 1265 1399 1350; baseline 0.001 -20"><span class='ocrx_word' id='word_1_53' title='bbox 107 1282 112 1292; x_wconf 89' lang='lat'><em>·</em></span> <span class='ocrx_word' id='word_1_54' title='bbox 167 1310 173 1321; x_wconf 82' lang='lat'>·</span> <span class='ocrx_word' id='word_1_55' title='bbox 234 1272 331 1330; x_wconf 90' lang='lat' dir='ltr'><strong>ment</strong></span> <span class='ocrx_word' id='word_1_56' title='bbox 346 1265 396 1350; x_wconf 94' lang='lat' dir='ltr'><strong>by</strong></span> <span class='ocrx_word' id='word_1_57' title='bbox 410 1267 470 1330; x_wconf 94' lang='lat' dir='ltr'><strong>the</strong></span> <span class='ocrx_word' id='word_1_58' title='bbox 487 1266 693 1350; x_wconf 91' lang='lat' dir='ltr'><strong>archbishop</strong></span> <span class='ocrx_word' id='word_1_59' title='bbox 709 1266 745 1330; x_wconf 85' lang='lat' dir='ltr'><strong>of</strong></span> <span class='ocrx_word' id='word_1_60' title='bbox 761 1265 814 1330; x_wconf 83' lang='lat' dir='ltr'><strong>Sir</strong></span> <span class='ocrx_word' id='word_1_61' title='bbox 829 1265 962 1331; x_wconf 87' lang='lat' dir='ltr'><strong>Walter</strong></span> <span class='ocrx_word' id='word_1_62' title='bbox 976 1265 1019 1331; x_wconf 90' lang='lat' dir='ltr'><strong>de</strong></span> <span class='ocrx_word' id='word_1_63' title='bbox 1035 1265 1246 1350; x_wconf 86' lang='lat' dir='ltr'><strong>Suethoppe‚</strong></span> <span class='ocrx_word' id='word_1_64' title='bbox 1264 1265 1399 1331; x_wconf 90' lang='lat' dir='ltr'><strong>Robert</strong></span> 
     </span>
     <span class='ocr_line' id='line_1_10' title="bbox 234 1355 1399 1442; baseline 0.001 -20"><span class='ocrx_word' id='word_1_65' title='bbox 234 1358 277 1423; x_wconf 90' lang='lat' dir='ltr'><strong>de</strong></span> <span class='ocrx_word' id='word_1_66' title='bbox 292 1357 499 1434; x_wconf 90' lang='lat' dir='ltr'><strong>Bockland,l</strong></span> <span class='ocrx_word' id='word_1_67' title='bbox 515 1364 550 1423; x_wconf 93' lang='lat' dir='ltr'><strong>et</strong></span> <span class='ocrx_word' id='word_1_68' title='bbox 565 1358 659 1441; x_wconf 92' lang='lat' dir='ltr'><strong>John</strong></span> <span class='ocrx_word' id='word_1_69' title='bbox 673 1357 716 1422; x_wconf 94' lang='lat' dir='ltr'><strong>de</strong></span> <span class='ocrx_word' id='word_1_70' title='bbox 730 1357 930 1442; x_wconf 89' lang='lat' dir='ltr'><strong>Eringtone,</strong></span> <span class='ocrx_word' id='word_1_71' title='bbox 943 1378 980 1421; x_wconf 90' lang='lat' dir='ltr'><strong>as</strong></span> <span class='ocrx_word' id='word_1_72' title='bbox 994 1357 1136 1440; x_wconf 79' lang='lat' dir='ltr'><strong>justices</strong></span> <span class='ocrx_word' id='word_1_73' title='bbox 1152 1357 1221 1422; x_wconf 91' lang='lat' dir='ltr'><strong>“ad</strong></span> <span class='ocrx_word' id='word_1_74' title='bbox 1230 1355 1399 1423; x_wconf 89' lang='lat' dir='ltr'><strong>delibera-</strong></span> 
     </span>
     <span class='ocr_line' id='line_1_11' title="bbox 234 1448 1397 1534; baseline 0.001 -21"><span class='ocrx_word' id='word_1_75' title='bbox 234 1449 367 1514; x_wconf 91' lang='lat' dir='ltr'><strong>cionem</strong></span> <span class='ocrx_word' id='word_1_76' title='bbox 381 1449 490 1534; x_wconf 91' lang='lat' dir='ltr'><strong>gaiole</strong></span> <span class='ocrx_word' id='word_1_77' title='bbox 504 1456 620 1514; x_wconf 89' lang='lat' dir='ltr'><strong>nostre</strong></span> <span class='ocrx_word' id='word_1_78' title='bbox 634 1449 677 1513; x_wconf 91' lang='lat' dir='ltr'><strong>de</strong></span> <span class='ocrx_word' id='word_1_79' title='bbox 692 1448 968 1526; x_wconf 87' lang='lat' dir='ltr'><strong>Hextildesham,</strong></span> <span class='ocrx_word' id='word_1_80' title='bbox 983 1449 1174 1514; x_wconf 91' lang='lat' dir='ltr'><strong>secundum</strong></span> <span class='ocrx_word' id='word_1_81' title='bbox 1187 1448 1397 1515; x_wconf 90' lang='lat' dir='ltr'><strong>consuetud-</strong></span> 
     </span>
     <span class='ocr_line' id='line_1_12' title="bbox 234 1540 1399 1619; baseline 0.001 -14"><span class='ocrx_word' id='word_1_82' title='bbox 234 1541 326 1605; x_wconf 90' lang='lat' dir='ltr'><strong>inem</strong></span> <span class='ocrx_word' id='word_1_83' title='bbox 362 1541 533 1606; x_wconf 86' lang='lat' dir='ltr'><strong>libertatis</strong></span> <span class='ocrx_word' id='word_1_84' title='bbox 568 1540 653 1605; x_wconf 90' lang='lat' dir='ltr'><strong>dicti</strong></span> <span class='ocrx_word' id='word_1_85' title='bbox 687 1541 832 1605; x_wconf 90' lang='lat' dir='ltr'><strong>manerii</strong></span> <span class='ocrx_word' id='word_1_86' title='bbox 867 1540 1084 1619; x_wconf 81' lang='lat' dir='ltr'><strong>iaciendam;</strong></span> <span class='ocrx_word' id='word_1_87' title='bbox 1155 1540 1260 1606; x_wconf 89' lang='lat' dir='ltr'><strong>salvis</strong></span> <span class='ocrx_word' id='word_1_88' title='bbox 1298 1540 1399 1606; x_wconf 89' lang='lat' dir='ltr'><strong>nobis</strong></span> 
     </span>
     <span class='ocr_line' id='line_1_13' title="bbox 235 1632 1398 1717; baseline -0.001 -20"><span class='ocrx_word' id='word_1_89' title='bbox 235 1633 510 1697; x_wconf 89' lang='lat' dir='ltr'><strong>amerciamentis</strong></span> <span class='ocrx_word' id='word_1_90' title='bbox 527 1639 562 1697; x_wconf 92' lang='lat' dir='ltr'><strong>et</strong></span> <span class='ocrx_word' id='word_1_91' title='bbox 580 1632 654 1698; x_wconf 89' lang='lat' dir='ltr'><strong>aliis</strong></span> <span class='ocrx_word' id='word_1_92' title='bbox 671 1632 861 1698; x_wconf 90' lang='lat' dir='ltr'><strong>secundum</strong></span> <span class='ocrx_word' id='word_1_93' title='bbox 877 1633 986 1717; x_wconf 91' lang='lat' dir='ltr'><strong>legem</strong></span> <span class='ocrx_word' id='word_1_94' title='bbox 1004 1639 1093 1697; x_wconf 91' lang='lat' dir='ltr'><strong>terre</strong></span> <span class='ocrx_word' id='word_1_95' title='bbox 1109 1632 1233 1697; x_wconf 87' lang='lat' dir='ltr'><strong>exinde</strong></span> <span class='ocrx_word' id='word_1_96' title='bbox 1250 1652 1398 1717; x_wconf 90' lang='lat' dir='ltr'><strong>proven-</strong></span> 
     </span>
     <span class='ocr_line' id='line_1_14' title="bbox 235 1724 421 1789; baseline 0.013 -2"><span class='ocrx_word' id='word_1_97' title='bbox 235 1724 421 1789; x_wconf 90' lang='lat' dir='ltr'><strong>ientibus.”</strong></span> 
     </span>
    </p>

    <p class='ocr_par' dir='ltr' id='par_1_5' title="bbox 72 1815 1399 2176">
     <span class='ocr_line' id='line_1_15' title="bbox 72 1815 1399 1918; baseline 0.003 -41"><span class='ocrx_word' id='word_1_98' title='bbox 72 1827 149 1877; x_wconf 69' lang='lat' dir='ltr'><strong>rum</strong></span> <span class='ocrx_word' id='word_1_99' title='bbox 83 1826 216 1918; x_wconf 48' lang='lat' dir='ltr'><strong>meg</strong></span> <span class='ocrx_word' id='word_1_100' title='bbox 280 1816 444 1881; x_wconf 90' lang='lat' dir='ltr'><strong>Mandate</strong></span> <span class='ocrx_word' id='word_1_101' title='bbox 462 1821 499 1881; x_wconf 90' lang='lat' dir='ltr'><strong>to</strong></span> <span class='ocrx_word' id='word_1_102' title='bbox 516 1817 576 1880; x_wconf 90' lang='lat' dir='ltr'><strong>the</strong></span> <span class='ocrx_word' id='word_1_103' title='bbox 592 1816 702 1881; x_wconf 80' lang='lat' dir='ltr'><strong>bailiff</strong></span> <span class='ocrx_word' id='word_1_104' title='bbox 718 1817 755 1881; x_wconf 89' lang='lat' dir='ltr'><strong>oi</strong></span> <span class='ocrx_word' id='word_1_105' title='bbox 771 1815 1063 1881; x_wconf 86' lang='lat' dir='ltr'><strong>Hextildesham‘</strong></span> <span class='ocrx_word' id='word_1_106' title='bbox 1067 1815 1185 1900; x_wconf 89' lang='lat' dir='ltr'><strong>‘quod</strong></span> <span class='ocrx_word' id='word_1_107' title='bbox 1201 1816 1247 1881; x_wconf 89' lang='lat' dir='ltr'><strong>ad</strong></span> <span class='ocrx_word' id='word_1_108' title='bbox 1263 1822 1399 1881; x_wconf 92' lang='lat' dir='ltr'><strong>certum</strong></span> 
     </span>
     <span class='ocr_line' id='line_1_16' title="bbox 235 1907 1398 1993; baseline 0 -21"><span class='ocrx_word' id='word_1_109' title='bbox 235 1908 327 1972; x_wconf 90' lang='lat' dir='ltr'><strong>diem</strong></span> <span class='ocrx_word' id='word_1_110' title='bbox 349 1914 384 1973; x_wconf 90' lang='lat' dir='ltr'><strong>et</strong></span> <span class='ocrx_word' id='word_1_111' title='bbox 405 1907 531 1985; x_wconf 92' lang='lat' dir='ltr'><strong>locum,</strong></span> <span class='ocrx_word' id='word_1_112' title='bbox 554 1929 641 1993; x_wconf 91' lang='lat' dir='ltr'><strong>quos</strong></span> <span class='ocrx_word' id='word_1_113' title='bbox 663 1907 810 1992; x_wconf 88' lang='lat' dir='ltr'><strong>predicti</strong></span> <span class='ocrx_word' id='word_1_114' title='bbox 830 1907 1011 1993; x_wconf 80' lang='lat' dir='ltr'><strong>justiciarii</strong></span> <span class='ocrx_word' id='word_1_115' title='bbox 1032 1908 1142 1973; x_wconf 89' lang='lat' dir='ltr'><strong>nostri</strong></span> <span class='ocrx_word' id='word_1_116' title='bbox 1164 1907 1210 1972; x_wconf 92' lang='lat' dir='ltr'><strong>ad</strong></span> <span class='ocrx_word' id='word_1_117' title='bbox 1231 1907 1299 1972; x_wconf 93' lang='lat' dir='ltr'><strong>hoc</strong></span> <span class='ocrx_word' id='word_1_118' title='bbox 1319 1928 1398 1992; x_wconf 91' lang='lat' dir='ltr'><strong>pro-</strong></span> 
     </span>
     <span class='ocr_line' id='line_1_17' title="bbox 234 1998 1399 2085; baseline 0.001 -21"><span class='ocrx_word' id='word_1_119' title='bbox 234 1999 396 2077; x_wconf 90' lang='lat' dir='ltr'><strong>viderint,</strong></span> <span class='ocrx_word' id='word_1_120' title='bbox 412 2000 529 2064; x_wconf 92' lang='lat' dir='ltr'><strong>venire</strong></span> <span class='ocrx_word' id='word_1_121' title='bbox 544 2000 650 2064; x_wconf 82' lang='lat' dir='ltr'><strong>facias</strong></span> <span class='ocrx_word' id='word_1_122' title='bbox 665 2020 782 2065; x_wconf 92' lang='lat' dir='ltr'><strong>coram</strong></span> <span class='ocrx_word' id='word_1_123' title='bbox 797 1999 845 2064; x_wconf 90' lang='lat' dir='ltr'><strong>eis</strong></span> <span class='ocrx_word' id='word_1_124' title='bbox 860 2006 915 2065; x_wconf 90' lang='lat' dir='ltr'><strong>tot</strong></span> <span class='ocrx_word' id='word_1_125' title='bbox 930 2006 966 2064; x_wconf 90' lang='lat' dir='ltr'><strong>et</strong></span> <span class='ocrx_word' id='word_1_126' title='bbox 981 2000 1068 2065; x_wconf 90' lang='lat' dir='ltr'><strong>tales</strong></span> <span class='ocrx_word' id='word_1_127' title='bbox 1082 1999 1207 2065; x_wconf 89' lang='lat' dir='ltr'><strong>liberos</strong></span> <span class='ocrx_word' id='word_1_128' title='bbox 1222 2005 1258 2064; x_wconf 91' lang='lat' dir='ltr'><strong>et</strong></span> <span class='ocrx_word' id='word_1_129' title='bbox 1271 1998 1399 2085; x_wconf 90' lang='lat' dir='ltr'><strong>legales</strong></span> 
     </span>
     <span class='ocr_line' id='line_1_18' title="bbox 234 2090 1398 2176; baseline 0 -21"><span class='ocrx_word' id='word_1_130' title='bbox 234 2091 390 2156; x_wconf 91' lang='lat' dir='ltr'><strong>homines</strong></span> <span class='ocrx_word' id='word_1_131' title='bbox 404 2090 446 2155; x_wconf 91' lang='lat' dir='ltr'><strong>de</strong></span> <span class='ocrx_word' id='word_1_132' title='bbox 459 2091 620 2155; x_wconf 87' lang='lat' dir='ltr'><strong>libertate</strong></span> <span class='ocrx_word' id='word_1_133' title='bbox 633 2091 779 2174; x_wconf 88' lang='lat' dir='ltr'><strong>predicti</strong></span> <span class='ocrx_word' id='word_1_134' title='bbox 792 2091 946 2168; x_wconf 89' lang='lat' dir='ltr'><strong>manerii,</strong></span> <span class='ocrx_word' id='word_1_135' title='bbox 961 2091 1056 2176; x_wconf 93' lang='lat' dir='ltr'><strong>quod</strong></span> <span class='ocrx_word' id='word_1_136' title='bbox 1069 2091 1203 2156; x_wconf 89' lang='lat' dir='ltr'><strong>dictum</strong></span> <span class='ocrx_word' id='word_1_137' title='bbox 1215 2091 1398 2176; x_wconf 89' lang='lat' dir='ltr'><strong>negocium</strong></span> 
     </span>
    </p>

    <p class='ocr_par' dir='ltr' id='par_1_6' title="bbox 234 2183 1033 2269">
     <span class='ocr_line' id='line_1_19' title="bbox 234 2183 1033 2269; baseline 0 -21"><span class='ocrx_word' id='word_1_138' title='bbox 234 2204 297 2269; x_wconf 90' lang='lat' dir='ltr'><strong>pro</strong></span> <span class='ocrx_word' id='word_1_139' title='bbox 316 2183 454 2248; x_wconf 88' lang='lat' dir='ltr'><strong>defectu</strong></span> <span class='ocrx_word' id='word_1_140' title='bbox 471 2204 542 2247; x_wconf 91' lang='lat' dir='ltr'><strong>non</strong></span> <span class='ocrx_word' id='word_1_141' title='bbox 561 2191 737 2248; x_wconf 88' lang='lat' dir='ltr'><strong>remaneat</strong></span> <span class='ocrx_word' id='word_1_142' title='bbox 757 2183 1033 2268; x_wconf 84' lang='lat' dir='ltr'><strong>imperfectum.”</strong></span> 
     </span>
    </p>
   </div>
   <div class='ocr_carea' id='block_1_4' title="bbox 71 2298 1397 2383">
    <p class='ocr_par' dir='ltr' id='par_1_7' title="bbox 71 2298 1397 2383">
     <span class='ocr_line' id='line_1_20' title="bbox 71 2298 1397 2383; baseline -0.004 -13"><span class='ocrx_word' id='word_1_143' title='bbox 71 2327 167 2370; x_wconf 65' lang='lat' dir='ltr'><strong>rurae.</strong></span> <span class='ocrx_word' id='word_1_144' title='bbox 236 2298 530 2383; x_wconf 86' lang='lat' dir='ltr'>JURISDICCIO</span> <span class='ocrx_word' id='word_1_145' title='bbox 558 2300 623 2365; x_wconf 89' lang='lat' dir='ltr'><strong>DE</strong></span> <span class='ocrx_word' id='word_1_146' title='bbox 652 2298 1044 2365; x_wconf 87' lang='lat' dir='ltr'>HEXTYLDESHAM</span> <span class='ocrx_word' id='word_1_147' title='bbox 1072 2301 1138 2365; x_wconf 90' lang='lat' dir='ltr'><strong>DE</strong></span> <span class='ocrx_word' id='word_1_148' title='bbox 1166 2298 1296 2365; x_wconf 93' lang='lat' dir='ltr'>ANNO</span> <span class='ocrx_word' id='word_1_149' title='bbox 1326 2298 1397 2383; x_wconf 84' lang='lat' dir='ltr'>1J0.</span> 
     </span>
    </p>
   </div>
   <div class='ocr_carea' id='block_1_5' title="bbox 71 2390 1403 4497">
    <p class='ocr_par' dir='ltr' id='par_1_8' title="bbox 279 2390 1401 2473">
     <span class='ocr_line' id='line_1_21' title="bbox 279 2390 1401 2473; baseline -0.001 -17"><span class='ocrx_word' id='word_1_150' title='bbox 279 2407 354 2473; x_wconf 86' lang='lat'><strong>550.</strong></span> <span class='ocrx_word' id='word_1_151' title='bbox 402 2392 467 2456; x_wconf 93' lang='lat' dir='ltr'><strong>Die</strong></span> <span class='ocrx_word' id='word_1_152' title='bbox 480 2391 638 2457; x_wconf 87' lang='lat' dir='ltr'><strong>Mercurii</strong></span> <span class='ocrx_word' id='word_1_153' title='bbox 652 2399 733 2457; x_wconf 88' lang='lat' dir='ltr'><strong>ante</strong></span> <span class='ocrx_word' id='word_1_154' title='bbox 746 2391 875 2457; x_wconf 81' lang='lat' dir='ltr'><strong>festum</strong></span> <span class='ocrx_word' id='word_1_155' title='bbox 900 2391 1155 2457; x_wconf 90' lang='lat' dir='ltr'><strong>Purificacionis</strong></span> <span class='ocrx_word' id='word_1_156' title='bbox 1169 2390 1279 2457; x_wconf 90' lang='lat' dir='ltr'><strong>Beate</strong></span> <span class='ocrx_word' id='word_1_157' title='bbox 1292 2391 1401 2457; x_wconf 89' lang='lat' dir='ltr'><strong>Marie</strong></span> 
     </span>
    </p>

    <p class='ocr_par' dir='ltr' id='par_1_9' title="bbox 72 2478 1402 2587">
     <span class='ocr_line' id='line_1_22' title="bbox 72 2478 1402 2587; baseline -0.002 -37"><span class='ocrx_word' id='word_1_158' title='bbox 72 2480 153 2570; x_wconf 67' lang='lat' dir='ltr'><strong>my</strong></span> <span class='ocrx_word' id='word_1_159' title='bbox 129 2478 194 2530; x_wconf 66' lang='lat'>⁶¹¹³?</span> <span class='ocrx_word' id='word_1_160' title='bbox 237 2484 320 2566; x_wconf 87' lang='lat' dir='ltr'><strong>(Jan</strong></span> <span class='ocrx_word' id='word_1_161' title='bbox 275 2501 406 2568; x_wconf 86' lang='lat' dir='ltr'><strong>an.,29</strong></span> <span class='ocrx_word' id='word_1_162' title='bbox 431 2483 529 2549; x_wconf 83' lang='lat'>1280-</span> <span class='ocrx_word' id='word_1_163' title='bbox 517 2487 577 2565; x_wconf 85' lang='lat'>-1).</span> <span class='ocrx_word' id='word_1_164' title='bbox 643 2484 686 2549; x_wconf 92' lang='lat' dir='ltr'><strong>In</strong></span> <span class='ocrx_word' id='word_1_165' title='bbox 706 2483 859 2568; x_wconf 89' lang='lat' dir='ltr'><strong>capitulo</strong></span> <span class='ocrx_word' id='word_1_166' title='bbox 878 2490 1008 2549; x_wconf 88' lang='lat' dir='ltr'><strong>nostro.</strong></span> <span class='ocrx_word' id='word_1_167' title='bbox 1067 2482 1271 2548; x_wconf 92' lang='lat' dir='ltr'><strong>Reverendo</strong></span> <span class='ocrx_word' id='word_1_168' title='bbox 1306 2484 1402 2587; x_wconf 82' lang='lat' dir='ltr'><strong>patri</strong></span> 
     </span>
    </p>

    <p class='ocr_par' dir='ltr' id='par_1_10' title="bbox 71 2530 1400 2671">
     <span class='ocr_line' id='line_1_23' title="bbox 71 2530 1400 2671; baseline 0 -31"><span class='ocrx_word' id='word_1_169' title='bbox 71 2530 188 2671; x_wconf 46' lang='lat' dir='ltr'><strong>{EQ</strong></span> <span class='ocrx_word' id='word_1_170' title='bbox 180 2578 277 2670; x_wconf 77' lang='lat' dir='ltr'><strong>andac</strong></span> <span class='ocrx_word' id='word_1_171' title='bbox 321 2574 472 2653; x_wconf 68' lang='lat' dir='ltr'><strong>domino</strong></span> <span class='ocrx_word' id='word_1_172' title='bbox 516 2582 733 2661; x_wconf 88' lang='lat' dir='ltr'><strong>patronoque</strong></span> <span class='ocrx_word' id='word_1_173' title='bbox 773 2596 847 2652; x_wconf 84' lang='lat' dir='ltr'><strong>suc,</strong></span> <span class='ocrx_word' id='word_1_174' title='bbox 886 2575 1027 2640; x_wconf 90' lang='lat' dir='ltr'><strong>domino</strong></span> <span class='ocrx_word' id='word_1_175' title='bbox 1064 2574 1131 2653; x_wconf 89' lang='lat' dir='ltr'><strong>W.,</strong></span> <span class='ocrx_word' id='word_1_176' title='bbox 1169 2575 1235 2640; x_wconf 91' lang='lat' dir='ltr'><strong>Dei</strong></span> <span class='ocrx_word' id='word_1_177' title='bbox 1272 2575 1400 2659; x_wconf 85' lang='lat' dir='ltr'><strong>gracia,</strong></span> 
     </span>
    </p>

    <p class='ocr_par' dir='ltr' id='par_1_11' title="bbox 71 2630 1400 2771">
     <span class='ocr_line' id='line_1_24' title="bbox 71 2630 1400 2771; baseline -0.001 -38"><span class='ocrx_word' id='word_1_178' title='bbox 71 2630 216 2771; x_wconf 58' lang='lat' dir='ltr'><strong>ffexhamlor</strong></span> <span class='ocrx_word' id='word_1_179' title='bbox 205 2674 314 2743; x_wconf 87' lang='lat' dir='ltr'><strong>r.,etc</strong></span> <span class='ocrx_word' id='word_1_180' title='bbox 346 2668 505 2752; x_wconf 90' lang='lat' dir='ltr'><strong>supprior</strong></span> <span class='ocrx_word' id='word_1_181' title='bbox 537 2667 818 2752; x_wconf 85' lang='lat' dir='ltr'><strong>Augustaldensis</strong></span> <span class='ocrx_word' id='word_1_182' title='bbox 848 2673 883 2732; x_wconf 92' lang='lat' dir='ltr'><strong>et</strong></span> <span class='ocrx_word' id='word_1_183' title='bbox 913 2666 1069 2770; x_wconf 86' lang='lat' dir='ltr'><strong>ejusdem</strong></span> <span class='ocrx_word' id='word_1_184' title='bbox 1097 2666 1164 2732; x_wconf 93' lang='lat' dir='ltr'><strong>loci</strong></span> <span class='ocrx_word' id='word_1_185' title='bbox 1193 2672 1400 2745; x_wconf 90' lang='lat' dir='ltr'><strong>conventus,</strong></span> 
     </span>
    </p>

    <p class='ocr_par' dir='ltr' id='par_1_12' title="bbox 72 2733 1400 2843">
     <span class='ocr_line' id='line_1_25' title="bbox 72 2733 1400 2843; baseline 0.002 -22"><span class='ocrx_word' id='word_1_186' title='bbox 72 2733 193 2822; x_wconf 62' lang='grc' dir='ltr'>οιῗὲίῗιι</span> <span class='ocrx_word' id='word_1_187' title='bbox 136 2780 217 2830; x_wconf 72' lang='lat' dir='ltr'><strong>annor</strong></span> <span class='ocrx_word' id='word_1_188' title='bbox 192 2759 384 2824; x_wconf 64' lang='lat' dir='ltr'><strong>asalutem</strong></span> <span class='ocrx_word' id='word_1_189' title='bbox 408 2765 444 2824; x_wconf 92' lang='lat' dir='ltr'><strong>et</strong></span> <span class='ocrx_word' id='word_1_190' title='bbox 468 2758 704 2824; x_wconf 89' lang='lat' dir='ltr'><strong>obedienciam</strong></span> <span class='ocrx_word' id='word_1_191' title='bbox 728 2779 808 2824; x_wconf 93' lang='lat' dir='ltr'><strong>cum</strong></span> <span class='ocrx_word' id='word_1_192' title='bbox 831 2759 1026 2824; x_wconf 89' lang='lat' dir='ltr'><strong>reverencia</strong></span> <span class='ocrx_word' id='word_1_193' title='bbox 1050 2765 1124 2823; x_wconf 91' lang='lat' dir='ltr'><strong>tam</strong></span> <span class='ocrx_word' id='word_1_194' title='bbox 1148 2757 1268 2824; x_wconf 89' lang='lat' dir='ltr'><strong>debita</strong></span> <span class='ocrx_word' id='word_1_195' title='bbox 1291 2778 1400 2843; x_wconf 92' lang='lat' dir='ltr'><strong>quam</strong></span> 
     </span>
    </p>

    <p class='ocr_par' dir='ltr' id='par_1_13' title="bbox 236 2849 1400 2935">
     <span class='ocr_line' id='line_1_26' title="bbox 236 2849 1400 2935; baseline -0.003 -18"><span class='ocrx_word' id='word_1_196' title='bbox 236 2871 316 2917; x_wconf 90' lang='lat' dir='ltr'><strong>cum</strong></span> <span class='ocrx_word' id='word_1_197' title='bbox 333 2851 462 2915; x_wconf 87' lang='lat' dir='ltr'><strong>honore</strong></span> <span class='ocrx_word' id='word_1_198' title='bbox 480 2850 619 2916; x_wconf 89' lang='lat' dir='ltr'><strong>devota</strong></span> <span class='ocrx_word' id='word_1_199' title='bbox 666 2850 752 2915; x_wconf 89' lang='lat' dir='ltr'><strong>Cum</strong></span> <span class='ocrx_word' id='word_1_200' title='bbox 770 2850 911 2916; x_wconf 91' lang='lat' dir='ltr'><strong>ecclesia</strong></span> <span class='ocrx_word' id='word_1_201' title='bbox 928 2857 1048 2916; x_wconf 88' lang='lat' dir='ltr'><strong>nostra</strong></span> <span class='ocrx_word' id='word_1_202' title='bbox 1064 2871 1126 2935; x_wconf 91' lang='lat' dir='ltr'><strong>per</strong></span> <span class='ocrx_word' id='word_1_203' title='bbox 1142 2855 1291 2915; x_wconf 90' lang='lat' dir='ltr'><strong>mortem</strong></span> <span class='ocrx_word' id='word_1_204' title='bbox 1308 2849 1400 2915; x_wconf 90' lang='lat' dir='ltr'><strong>bone</strong></span> 
     </span>
    </p>

    <p class='ocr_par' dir='ltr' id='par_1_14' title="bbox 199 2941 1401 3027">
     <span class='ocr_line' id='line_1_27' title="bbox 199 2941 1401 3027; baseline -0.001 -20"><span class='ocrx_word' id='word_1_205' title='bbox 199 2981 201 2987; x_wconf 38' lang='lat' dir='ltr'><strong><em>s</em></strong></span> <span class='ocrx_word' id='word_1_206' title='bbox 237 2943 400 3008; x_wconf 88' lang='lat' dir='ltr'><strong>memorie</strong></span> <span class='ocrx_word' id='word_1_207' title='bbox 425 2942 556 3007; x_wconf 93' lang='lat' dir='ltr'><strong>domini</strong></span> <span class='ocrx_word' id='word_1_208' title='bbox 580 2943 731 3020; x_wconf 91' lang='lat' dir='ltr'><strong>Henrici,</strong></span> <span class='ocrx_word' id='word_1_209' title='bbox 757 2943 934 3027; x_wconf 91' lang='lat' dir='ltr'><strong>quondam</strong></span> <span class='ocrx_word' id='word_1_210' title='bbox 958 2942 1080 3027; x_wconf 90' lang='lat' dir='ltr'><strong>prioris</strong></span> <span class='ocrx_word' id='word_1_211' title='bbox 1104 2942 1224 3019; x_wconf 88' lang='lat' dir='ltr'><strong>nostri,</strong></span> <span class='ocrx_word' id='word_1_212' title='bbox 1250 2941 1401 3026; x_wconf 87' lang='lat' dir='ltr'><strong>pastoris</strong></span> 
     </span>
    </p>

    <p class='ocr_par' dir='ltr' id='par_1_15' title="bbox 237 3032 1402 3118">
     <span class='ocr_line' id='line_1_28' title="bbox 237 3032 1402 3118; baseline -0.002 -18"><span class='ocrx_word' id='word_1_213' title='bbox 237 3034 364 3100; x_wconf 91' lang='lat' dir='ltr'><strong>solacio</strong></span> <span class='ocrx_word' id='word_1_214' title='bbox 391 3035 437 3099; x_wconf 87' lang='lat' dir='ltr'><strong>sit</strong></span> <span class='ocrx_word' id='word_1_215' title='bbox 465 3034 645 3112; x_wconf 91' lang='lat' dir='ltr'><strong>destituta,</strong></span> <span class='ocrx_word' id='word_1_216' title='bbox 676 3034 906 3099; x_wconf 87' lang='lat' dir='ltr'><strong>dominacioni</strong></span> <span class='ocrx_word' id='word_1_217' title='bbox 934 3039 1059 3112; x_wconf 88' lang='lat' dir='ltr'><strong>vestre,</strong></span> <span class='ocrx_word' id='word_1_218' title='bbox 1088 3033 1134 3098; x_wconf 92' lang='lat' dir='ltr'><strong>ad</strong></span> <span class='ocrx_word' id='word_1_219' title='bbox 1160 3032 1351 3118; x_wconf 90' lang='lat' dir='ltr'><strong>petendum</strong></span> <span class='ocrx_word' id='word_1_220' title='bbox 1379 3054 1402 3098; x_wconf 89' lang='lat' dir='ltr'><strong>a</strong></span> 
     </span>
    </p>

    <p class='ocr_par' dir='ltr' id='par_1_16' title="bbox 237 3125 1402 3211">
     <span class='ocr_line' id='line_1_29' title="bbox 237 3125 1402 3211; baseline -0.002 -20"><span class='ocrx_word' id='word_1_221' title='bbox 237 3127 337 3192; x_wconf 90' lang='lat' dir='ltr'><strong>vobis</strong></span> <span class='ocrx_word' id='word_1_222' title='bbox 361 3125 539 3191; x_wconf 88' lang='lat' dir='ltr'><strong>licenciam</strong></span> <span class='ocrx_word' id='word_1_223' title='bbox 565 3125 710 3211; x_wconf 91' lang='lat' dir='ltr'><strong>eligendi</strong></span> <span class='ocrx_word' id='word_1_224' title='bbox 734 3125 834 3191; x_wconf 90' lang='lat' dir='ltr'><strong>nobis</strong></span> <span class='ocrx_word' id='word_1_225' title='bbox 859 3126 1018 3210; x_wconf 87' lang='lat' dir='ltr'><strong>priorem,</strong></span> <span class='ocrx_word' id='word_1_226' title='bbox 1044 3126 1234 3190; x_wconf 83' lang='lat' dir='ltr'><strong>confratres</strong></span> <span class='ocrx_word' id='word_1_227' title='bbox 1259 3131 1294 3190; x_wconf 88' lang='lat' dir='ltr'><strong>et</strong></span> <span class='ocrx_word' id='word_1_228' title='bbox 1319 3145 1402 3190; x_wconf 94' lang='lat' dir='ltr'><strong>con·</strong></span> 
     </span>
    </p>

    <p class='ocr_par' dir='ltr' id='par_1_17' title="bbox 237 3215 1402 3301">
     <span class='ocr_line' id='line_1_30' title="bbox 237 3215 1402 3301; baseline -0.002 -18"><span class='ocrx_word' id='word_1_229' title='bbox 237 3218 420 3283; x_wconf 90' lang='lat' dir='ltr'><strong>canonicos</strong></span> <span class='ocrx_word' id='word_1_230' title='bbox 450 3224 598 3296; x_wconf 89' lang='lat' dir='ltr'><strong>nostros,</strong></span> <span class='ocrx_word' id='word_1_231' title='bbox 630 3218 839 3283; x_wconf 91' lang='lat' dir='ltr'><strong>Willehnum</strong></span> <span class='ocrx_word' id='word_1_232' title='bbox 870 3217 925 3282; x_wconf 90' lang='lat' dir='ltr'><strong>del</strong></span> <span class='ocrx_word' id='word_1_233' title='bbox 956 3217 1040 3301; x_wconf 82' lang='lat' dir='ltr'><strong>Clay</strong></span> <span class='ocrx_word' id='word_1_234' title='bbox 1070 3223 1106 3282; x_wconf 91' lang='lat' dir='ltr'><strong>et</strong></span> <span class='ocrx_word' id='word_1_235' title='bbox 1137 3216 1326 3281; x_wconf 88' lang='lat' dir='ltr'><strong>Ricardum</strong></span> <span class='ocrx_word' id='word_1_236' title='bbox 1356 3215 1402 3281; x_wconf 91' lang='lat' dir='ltr'><strong>de</strong></span> 
     </span>
    </p>

    <p class='ocr_par' dir='ltr' id='par_1_18' title="bbox 237 3307 1400 3395">
     <span class='ocr_line' id='line_1_31' title="bbox 237 3307 1400 3395; baseline -0.002 -21"><span class='ocrx_word' id='word_1_237' title='bbox 237 3310 504 3395; x_wconf 86' lang='lat' dir='ltr'><strong>Tyveringtone,</strong></span> <span class='ocrx_word' id='word_1_238' title='bbox 529 3310 809 3388; x_wconf 89' lang='lat' dir='ltr'><strong>transmittimus,</strong></span> <span class='ocrx_word' id='word_1_239' title='bbox 834 3315 968 3394; x_wconf 88' lang='lat' dir='ltr'><strong>quanta</strong></span> <span class='ocrx_word' id='word_1_240' title='bbox 996 3329 1179 3393; x_wconf 89' lang='lat' dir='ltr'><strong>possumus</strong></span> <span class='ocrx_word' id='word_1_241' title='bbox 1202 3307 1400 3385; x_wconf 80' lang='lat' dir='ltr'><strong>affeccione,</strong></span> 
     </span>
    </p>

    <p class='ocr_par' dir='ltr' id='par_1_19' title="bbox 237 3399 1401 3486">
     <span class='ocr_line' id='line_1_32' title="bbox 237 3399 1401 3486; baseline -0.002 -21"><span class='ocrx_word' id='word_1_242' title='bbox 237 3403 292 3486; x_wconf 91' lang='lat' dir='ltr'><strong>pie</strong></span> <span class='ocrx_word' id='word_1_243' title='bbox 303 3402 508 3486; x_wconf 91' lang='lat' dir='ltr'><strong>paternitati</strong></span> <span class='ocrx_word' id='word_1_244' title='bbox 518 3408 632 3466; x_wconf 88' lang='lat' dir='ltr'><strong>vestre</strong></span> <span class='ocrx_word' id='word_1_245' title='bbox 643 3401 877 3486; x_wconf 86' lang='lat' dir='ltr'><strong>supplicantes</strong></span> <span class='ocrx_word' id='word_1_246' title='bbox 888 3401 1053 3485; x_wconf 91' lang='lat' dir='ltr'><strong>quatinus</strong></span> <span class='ocrx_word' id='word_1_247' title='bbox 1063 3400 1242 3466; x_wconf 89' lang='lat' dir='ltr'><strong>licenciam</strong></span> <span class='ocrx_word' id='word_1_248' title='bbox 1253 3399 1401 3484; x_wconf 90' lang='lat' dir='ltr'><strong>eligendi</strong></span> 
     </span>
    </p>

    <p class='ocr_par' dir='ltr' id='par_1_20' title="bbox 236 3490 1401 3579">
     <span class='ocr_line' id='line_1_33' title="bbox 236 3490 1401 3579; baseline -0.003 -21"><span class='ocrx_word' id='word_1_249' title='bbox 236 3494 385 3579; x_wconf 88' lang='lat' dir='ltr'><strong>priorem</strong></span> <span class='ocrx_word' id='word_1_250' title='bbox 403 3493 503 3558; x_wconf 90' lang='lat' dir='ltr'><strong>nobis</strong></span> <span class='ocrx_word' id='word_1_251' title='bbox 521 3494 624 3577; x_wconf 85' lang='lat' dir='ltr'><strong>juxta</strong></span> <span class='ocrx_word' id='word_1_252' title='bbox 642 3514 772 3558; x_wconf 92' lang='lat' dir='ltr'><strong>morem</strong></span> <span class='ocrx_word' id='word_1_253' title='bbox 790 3493 977 3558; x_wconf 83' lang='lat' dir='ltr'><strong>liberaliter</strong></span> <span class='ocrx_word' id='word_1_254' title='bbox 995 3498 1030 3557; x_wconf 92' lang='lat' dir='ltr'><strong>et</strong></span> <span class='ocrx_word' id='word_1_255' title='bbox 1048 3492 1195 3576; x_wconf 90' lang='lat' dir='ltr'><strong>benigne</strong></span> <span class='ocrx_word' id='word_1_256' title='bbox 1213 3490 1401 3557; x_wconf 88' lang='lat' dir='ltr'><strong>concedere</strong></span> 
     </span>
    </p>

    <p class='ocr_par' dir='ltr' id='par_1_21' title="bbox 236 3582 1402 3762">
     <span class='ocr_line' id='line_1_34' title="bbox 236 3582 1402 3670; baseline -0.001 -21"><span class='ocrx_word' id='word_1_257' title='bbox 236 3585 361 3650; x_wconf 88' lang='lat' dir='ltr'><strong>velitis.</strong></span> <span class='ocrx_word' id='word_1_258' title='bbox 410 3586 451 3649; x_wconf 88' lang='lat' dir='ltr'><strong>In</strong></span> <span class='ocrx_word' id='word_1_259' title='bbox 473 3587 573 3670; x_wconf 86' lang='lat' dir='ltr'><strong>cujus</strong></span> <span class='ocrx_word' id='word_1_260' title='bbox 595 3586 642 3649; x_wconf 90' lang='lat' dir='ltr'><strong>rei</strong></span> <span class='ocrx_word' id='word_1_261' title='bbox 665 3585 904 3651; x_wconf 92' lang='lat' dir='ltr'><strong>testimonium</strong></span> <span class='ocrx_word' id='word_1_262' title='bbox 925 3590 1101 3668; x_wconf 88' lang='lat' dir='ltr'><strong>presentes</strong></span> <span class='ocrx_word' id='word_1_263' title='bbox 1121 3584 1267 3662; x_wconf 88' lang='lat' dir='ltr'><strong>litteras,</strong></span> <span class='ocrx_word' id='word_1_264' title='bbox 1290 3582 1402 3669; x_wconf 90' lang='lat' dir='ltr'><strong>sigillo</strong></span> 
     </span>
     <span class='ocr_line' id='line_1_35' title="bbox 236 3675 1265 3762; baseline -0.002 -20"><span class='ocrx_word' id='word_1_265' title='bbox 236 3677 412 3742; x_wconf 90' lang='lat' dir='ltr'><strong>communi</strong></span> <span class='ocrx_word' id='word_1_266' title='bbox 433 3678 597 3762; x_wconf 92' lang='lat' dir='ltr'><strong>signatas,</strong></span> <span class='ocrx_word' id='word_1_267' title='bbox 619 3677 718 3742; x_wconf 87' lang='lat' dir='ltr'><strong>vobis</strong></span> <span class='ocrx_word' id='word_1_268' title='bbox 740 3677 1020 3743; x_wconf 88' lang='lat' dir='ltr'><strong>transmittimus.</strong></span> <span class='ocrx_word' id='word_1_269' title='bbox 1043 3675 1177 3752; x_wconf 89' lang='lat' dir='ltr'><strong>Valeat,</strong></span> <span class='ocrx_word' id='word_1_270' title='bbox 1200 3681 1265 3740; x_wconf 92' lang='lat' dir='ltr'><strong>etc.</strong></span> 
     </span>
    </p>

    <p class='ocr_par' dir='ltr' id='par_1_22' title="bbox 237 3766 1403 4214">
     <span class='ocr_line' id='line_1_36' title="bbox 282 3766 1402 3852; baseline -0.003 -18"><span class='ocrx_word' id='word_1_271' title='bbox 282 3788 304 3851; x_wconf 80' lang='lat'><strong>4</strong></span> <span class='ocrx_word' id='word_1_272' title='bbox 321 3790 430 3834; x_wconf 92' lang='lat' dir='ltr'><strong>nonas</strong></span> <span class='ocrx_word' id='word_1_273' title='bbox 447 3769 529 3833; x_wconf 91' lang='lat' dir='ltr'><strong>Feb.</strong></span> <span class='ocrx_word' id='word_1_274' title='bbox 550 3769 645 3852; x_wconf 84' lang='lat' dir='ltr'><strong>(Feb.</strong></span> <span class='ocrx_word' id='word_1_275' title='bbox 665 3787 696 3846; x_wconf 82' lang='lat'><strong>2,</strong></span> <span class='ocrx_word' id='word_1_276' title='bbox 717 3768 879 3852; x_wconf 64' lang='grc' dir='ltr'><strong>1280-1).ι</strong></span> <span class='ocrx_word' id='word_1_277' title='bbox 910 3768 1056 3852; x_wconf 90' lang='lat' dir='ltr'><strong>Thorpe.</strong></span> <span class='ocrx_word' id='word_1_278' title='bbox 1103 3767 1176 3831; x_wconf 89' lang='lat' dir='ltr'><strong>The</strong></span> <span class='ocrx_word' id='word_1_279' title='bbox 1193 3766 1402 3851; x_wconf 91' lang='lat' dir='ltr'><strong>archbishop</strong></span> 
     </span>
     <span class='ocr_line' id='line_1_37' title="bbox 237 3857 1401 3945; baseline -0.004 -19"><span class='ocrx_word' id='word_1_280' title='bbox 237 3868 275 3926; x_wconf 90' lang='lat' dir='ltr'><strong>to</strong></span> <span class='ocrx_word' id='word_1_281' title='bbox 302 3861 361 3925; x_wconf 92' lang='lat' dir='ltr'><strong>the</strong></span> <span class='ocrx_word' id='word_1_282' title='bbox 385 3861 544 3945; x_wconf 90' lang='lat' dir='ltr'><strong>subprior</strong></span> <span class='ocrx_word' id='word_1_283' title='bbox 567 3860 636 3925; x_wconf 93' lang='lat' dir='ltr'><strong>and</strong></span> <span class='ocrx_word' id='word_1_284' title='bbox 660 3867 810 3926; x_wconf 90' lang='lat' dir='ltr'><strong>convent</strong></span> <span class='ocrx_word' id='word_1_285' title='bbox 834 3861 871 3925; x_wconf 85' lang='lat' dir='ltr'><strong>of</strong></span> <span class='ocrx_word' id='word_1_286' title='bbox 907 3859 1069 3924; x_wconf 90' lang='lat' dir='ltr'><strong>Hexham</strong></span> <span class='ocrx_word' id='word_1_287' title='bbox 1094 3857 1401 3944; x_wconf 79' lang='lat' dir='ltr'><strong>(Augustaldensis)</strong></span> 
     </span>
     <span class='ocr_line' id='line_1_38' title="bbox 237 3949 1402 4039; baseline -0.003 -22"><span class='ocrx_word' id='word_1_288' title='bbox 237 3953 355 4039; x_wconf 89' lang='lat' dir='ltr'><strong>giving</strong></span> <span class='ocrx_word' id='word_1_289' title='bbox 376 3953 473 4018; x_wconf 86' lang='lat' dir='ltr'><strong>them</strong></span> <span class='ocrx_word' id='word_1_290' title='bbox 493 3953 591 4017; x_wconf 90' lang='lat' dir='ltr'><strong>leave</strong></span> <span class='ocrx_word' id='word_1_291' title='bbox 613 3959 650 4018; x_wconf 98' lang='lat' dir='ltr'><strong>to</strong></span> <span class='ocrx_word' id='word_1_292' title='bbox 672 3953 758 4018; x_wconf 87' lang='lat' dir='ltr'><strong>elect</strong></span> <span class='ocrx_word' id='word_1_293' title='bbox 780 3973 802 4017; x_wconf 89' lang='lat' dir='ltr'><strong>a</strong></span> <span class='ocrx_word' id='word_1_294' title='bbox 822 3952 937 4037; x_wconf 89' lang='lat' dir='ltr'><strong>pri0r;</strong></span> <span class='ocrx_word' id='word_1_295' title='bbox 982 3951 1003 3978; x_wconf 91' lang='lat'><strong>“</strong></span> <span class='ocrx_word' id='word_1_296' title='bbox 1016 3951 1156 4035; x_wconf 89' lang='lat' dir='ltr'><strong>proviso</strong></span> <span class='ocrx_word' id='word_1_297' title='bbox 1177 3949 1272 4034; x_wconf 92' lang='lat' dir='ltr'><strong>quod</strong></span> <span class='ocrx_word' id='word_1_298' title='bbox 1292 3949 1402 4014; x_wconf 91' lang='lat' dir='ltr'><strong>talem</strong></span> 
     </span>
     <span class='ocr_line' id='line_1_39' title="bbox 239 4042 1403 4130; baseline -0.003 -21"><span class='ocrx_word' id='word_1_299' title='bbox 239 4044 360 4130; x_wconf 85' lang='lat' dir='ltr'><strong>eligere</strong></span> <span class='ocrx_word' id='word_1_300' title='bbox 390 4044 570 4121; x_wconf 90' lang='lat' dir='ltr'><strong>studeatis,</strong></span> <span class='ocrx_word' id='word_1_301' title='bbox 602 4045 672 4128; x_wconf 90' lang='lat' dir='ltr'><strong>qui,</strong></span> <span class='ocrx_word' id='word_1_302' title='bbox 704 4045 778 4109; x_wconf 90' lang='lat' dir='ltr'><strong>Deo</strong></span> <span class='ocrx_word' id='word_1_303' title='bbox 809 4045 967 4120; x_wconf 91' lang='lat' dir='ltr'><strong>devotus,</strong></span> <span class='ocrx_word' id='word_1_304' title='bbox 999 4042 1257 4127; x_wconf 87' lang='lat' dir='ltr'><strong>congregacioni</strong></span> <span class='ocrx_word' id='word_1_305' title='bbox 1286 4047 1403 4106; x_wconf 90' lang='lat' dir='ltr'><strong>vestre</strong></span> 
     </span>
     <span class='ocr_line' id='line_1_40' title="bbox 239 4133 1402 4214; baseline -0.005 -12"><span class='ocrx_word' id='word_1_306' title='bbox 239 4137 345 4214; x_wconf 91' lang='lat' dir='ltr'><strong>utilis,</strong></span> <span class='ocrx_word' id='word_1_307' title='bbox 364 4158 405 4201; x_wconf 88' lang='lat' dir='ltr'><strong>ac</strong></span> <span class='ocrx_word' id='word_1_308' title='bbox 422 4136 522 4201; x_wconf 92' lang='lat' dir='ltr'><strong>nobis</strong></span> <span class='ocrx_word' id='word_1_309' title='bbox 539 4142 574 4200; x_wconf 96' lang='lat' dir='ltr'><strong>et</strong></span> <span class='ocrx_word' id='word_1_310' title='bbox 593 4136 730 4201; x_wconf 88' lang='lat' dir='ltr'><strong>ecclesie</strong></span> <span class='ocrx_word' id='word_1_311' title='bbox 748 4141 864 4200; x_wconf 88' lang='lat' dir='ltr'><strong>nostre</strong></span> <span class='ocrx_word' id='word_1_312' title='bbox 882 4135 992 4199; x_wconf 87' lang='lat' dir='ltr'><strong>fidelis</strong></span> <span class='ocrx_word' id='word_1_313' title='bbox 1010 4134 1148 4210; x_wconf 90' lang='lat' dir='ltr'><strong>existat,</strong></span> <span class='ocrx_word' id='word_1_314' title='bbox 1167 4140 1208 4198; x_wconf 90' lang='lat' dir='ltr'><strong>ut</strong></span> <span class='ocrx_word' id='word_1_315' title='bbox 1226 4133 1402 4198; x_wconf 90' lang='lat' dir='ltr'><strong>tenetur.”</strong></span> 
     </span>
    </p>

    <p class='ocr_par' dir='ltr' id='par_1_23' title="bbox 238 4224 1403 4497">
     <span class='ocr_line' id='line_1_41' title="bbox 284 4224 1402 4308; baseline -0.005 -14"><span class='ocrx_word' id='word_1_316' title='bbox 284 4247 303 4295; x_wconf 89' lang='lat'><strong>2</strong></span> <span class='ocrx_word' id='word_1_317' title='bbox 323 4228 488 4293; x_wconf 88' lang='lat' dir='ltr'><strong>kalendas</strong></span> <span class='ocrx_word' id='word_1_318' title='bbox 508 4228 626 4292; x_wconf 88' lang='lat' dir='ltr'><strong>Marcii</strong></span> <span class='ocrx_word' id='word_1_319' title='bbox 647 4229 743 4308; x_wconf 88' lang='lat' dir='ltr'><strong>(Feb.</strong></span> <span class='ocrx_word' id='word_1_320' title='bbox 764 4226 832 4308; x_wconf 81' lang='lat'><strong>28),</strong></span> <span class='ocrx_word' id='word_1_321' title='bbox 855 4226 987 4293; x_wconf 82' lang='lat'>1280-1.</span> <span class='ocrx_word' id='word_1_322' title='bbox 1022 4225 1178 4291; x_wconf 86' lang='lat' dir='ltr'><strong>Cawode.</strong></span> <span class='ocrx_word' id='word_1_323' title='bbox 1213 4224 1402 4290; x_wconf 88' lang='lat' dir='ltr'><strong>Confirma-</strong></span> 
     </span>
     <span class='ocr_line' id='line_1_42' title="bbox 239 4315 1403 4405; baseline -0.004 -20"><span class='ocrx_word' id='word_1_324' title='bbox 239 4321 313 4386; x_wconf 92' lang='lat' dir='ltr'><strong>tion</strong></span> <span class='ocrx_word' id='word_1_325' title='bbox 333 4321 382 4405; x_wconf 88' lang='lat' dir='ltr'><strong>by</strong></span> <span class='ocrx_word' id='word_1_326' title='bbox 401 4322 460 4385; x_wconf 93' lang='lat' dir='ltr'><strong>the</strong></span> <span class='ocrx_word' id='word_1_327' title='bbox 481 4321 597 4386; x_wconf 88' lang='lat' dir='ltr'><strong>archb.</strong></span> <span class='ocrx_word' id='word_1_328' title='bbox 619 4321 656 4384; x_wconf 85' lang='lat' dir='ltr'><strong>oi</strong></span> <span class='ocrx_word' id='word_1_329' title='bbox 686 4320 745 4385; x_wconf 93' lang='lat' dir='ltr'><strong>the</strong></span> <span class='ocrx_word' id='word_1_330' title='bbox 770 4319 915 4383; x_wconf 89' lang='lat' dir='ltr'><strong>election</strong></span> <span class='ocrx_word' id='word_1_331' title='bbox 935 4319 972 4383; x_wconf 88' lang='grc' dir='ltr'><strong>οι</strong></span> <span class='ocrx_word' id='word_1_332' title='bbox 995 4318 1143 4382; x_wconf 88' lang='lat' dir='ltr'><strong>Brother</strong></span> <span class='ocrx_word' id='word_1_333' title='bbox 1162 4316 1215 4382; x_wconf 90' lang='lat' dir='ltr'><strong>W.</strong></span> <span class='ocrx_word' id='word_1_334' title='bbox 1241 4316 1296 4380; x_wconf 92' lang='lat' dir='ltr'><strong>del</strong></span> <span class='ocrx_word' id='word_1_335' title='bbox 1315 4315 1403 4402; x_wconf 88' lang='lat' dir='ltr'><strong>Clay</strong></span> 
     </span>
     <span class='ocr_line' id='line_1_43' title="bbox 238 4409 1403 4497; baseline -0.003 -20"><span class='ocrx_word' id='word_1_336' title='bbox 238 4433 277 4477; x_wconf 88' lang='lat' dir='ltr'><strong>as</strong></span> <span class='ocrx_word' id='word_1_337' title='bbox 298 4413 391 4497; x_wconf 91' lang='lat' dir='ltr'><strong>prior</strong></span> <span class='ocrx_word' id='word_1_338' title='bbox 412 4413 448 4477; x_wconf 85' lang='lat' dir='ltr'><strong>of</strong></span> <span class='ocrx_word' id='word_1_339' title='bbox 470 4411 746 4489; x_wconf 88' lang='lat' dir='ltr'><strong>Hextildesham,</strong></span> <span class='ocrx_word' id='word_1_340' title='bbox 769 4410 838 4476; x_wconf 86' lang='lat' dir='ltr'><strong>and</strong></span> <span class='ocrx_word' id='word_1_341' title='bbox 860 4409 1026 4475; x_wconf 90' lang='lat' dir='ltr'><strong>mandate</strong></span> <span class='ocrx_word' id='word_1_342' title='bbox 1048 4416 1086 4474; x_wconf 92' lang='lat' dir='ltr'><strong>to</strong></span> <span class='ocrx_word' id='word_1_343' title='bbox 1107 4409 1167 4474; x_wconf 94' lang='lat' dir='ltr'><strong>the</strong></span> <span class='ocrx_word' id='word_1_344' title='bbox 1189 4414 1340 4473; x_wconf 90' lang='lat' dir='ltr'><strong>convent</strong></span> <span class='ocrx_word' id='word_1_345' title='bbox 1363 4414 1403 4474; x_wconf 94' lang='lat' dir='ltr'><strong>to</strong></span> 
     </span>
    </p>
   </div>
   <div class='ocr_carea' id='block_1_6' title="bbox 237 4504 985 4643">
    <p class='ocr_par' dir='ltr' id='par_1_24' title="bbox 237 4504 985 4643">
     <span class='ocr_line' id='line_1_44' title="bbox 237 4504 426 4589; baseline 0 -21"><span class='ocrx_word' id='word_1_346' title='bbox 237 4504 328 4589; x_wconf 90' lang='lat' dir='ltr'><strong>obey</strong></span> <span class='ocrx_word' id='word_1_347' title='bbox 344 4504 426 4569; x_wconf 92' lang='lat' dir='ltr'><strong>him.</strong></span> 
     </span>
     <span class='ocr_line' id='line_1_45' title="bbox 654 4593 985 4643; baseline 0.003 -1"><span class='ocrx_word' id='word_1_348' title='bbox 654 4593 818 4643; x_wconf 87' lang='lat' dir='ltr'><strong>1Boceland.</strong></span> <span class='ocrx_word' id='word_1_349' title='bbox 857 4593 906 4642; x_wconf 84' lang='lat' dir='ltr'><strong>Fo.</strong></span> <span class='ocrx_word' id='word_1_350' title='bbox 927 4593 985 4643; x_wconf 84' lang='lat'>108.</span> 
     </span>
    </p>
   </div>
   <div class='ocr_carea' id='block_1_7' title="bbox 0 0 1502 4996">
    <p class='ocr_par' dir='ltr' id='par_1_25' title="bbox 0 0 1502 4996">
     <span class='ocr_line' id='line_1_46' title="bbox 0 0 1502 4996; baseline 0 0"><span class='ocrx_word' id='word_1_351' title='bbox 0 0 1502 4996; x_wconf 95' lang='lat' dir='ltr'><strong> </strong></span> 
     </span>
    </p>
   </div>
  </div>
 </body>
</html>
