2994 4996
277 498 343 542 THE
366 498 530 545 REGISTER
550 498 592 544 OF
614 497 825 544 ARCHBISHOP
846 489 995 544 WlLLlAM
1016 496 1216 544 WICKWANE.
1274 495 1333 560 277

175 657 275 716 tuum
294 657 329 716 et
348 652 505 717 exituum
523 651 837 737 archiepiscopatus
854 651 1081 718 Eboracensis
1097 671 1162 737 pro
1179 655 1335 736 tempore

174 751 293 808 nostro
308 749 342 808 et
356 744 602 830 predecessoris
615 744 724 810 nostri
737 744 773 809 in
786 764 869 809 vero
882 743 998 810 valore
1010 742 1145 829 plenius
1158 741 1336 809 continen-

174 835 278 913 tibus
309 842 349 901 ut
378 836 575 902 evidencius
603 835 835 901 informemini
862 855 966 922 super
992 835 1079 914 istis,
1108 834 1154 901 ad
1182 839 1335 900 vestram

174 928 337 993 duximus
378 929 589 1013 presenciam
630 927 877 1007 destinandos3
961 932 1121 1014 rogantes
1162 926 1335 992 attencius

173 1020 350 1103 quatinus
369 1022 482 1086 Deum
499 1020 667 1086 habentes
683 1040 744 1106 pre
761 1019 879 1098 oculiS,
897 1019 990 1086 ultra
1006 1040 1047 1086 ea
1063 1039 1131 1104 que
1147 1018 1335 1104 perceperi-

173 1133 250 1177 mus
284 1113 410 1178 nostris
444 1112 669 1197 temporibus,
704 1132 772 1198 que
806 1112 1016 1178 discussione
1049 1111 1173 1177 habita
1205 1111 1335 1195 liquere

173 1210 338 1287 poterunt
355 1226 471 1271 coram
487 1205 597 1283 vobis,
615 1224 685 1269 non
701 1205 912 1283 sustineatis,
930 1204 959 1269 si
975 1204 1101 1289 placet,
1118 1223 1182 1269 nos
1197 1202 1335 1289 gravari

173 1295 367 1380 aliqualiter
394 1318 455 1363 seu
483 1296 619 1382 requiri.
665 1297 766 1375 Ecce,
795 1296 934 1375 etenim,
952 1317 1016 1382 pro
1043 1301 1163 1361 nostro
1190 1294 1334 1377 arbitrio

172 1389 286 1471 parati
310 1389 446 1467 erimus,
470 1389 660 1455 secundum
684 1389 797 1454 Deum
821 1395 857 1454 et
878 1389 1066 1474 justiciam,
1090 1387 1206 1454 subire
1228 1407 1333 1454 onera

171 1501 238 1563 que
260 1481 477 1547 incumbunt.
524 1481 711 1548 Conservet
731 1501 795 1547 vos
815 1481 909 1547 Deus
928 1501 991 1567 per
1010 1487 1169 1566 tempora
1189 1478 1334 1546 feliciter

171 1593 374 1639 successiva.

214 1701 290 1806 ⁶95
339 1702 568 1788 13k81·Sept
584 1702 752 1788 (Aug.20,
768 1703 878 1785 1281).
924 1702 1137 1768 Alwentone.
1183 1700 1495 1767 Veneta-Toum·

170 1793 271 1858 bili
263 1815 298 1858 m
331 1795 466 1860 Christo
497 1795 600 1879 patri,
633 1795 774 1861 domino
805 1794 852 1878 J,
885 1794 951 1860 Dei
981 1794 1096 1880 gracia
1127 1791 1333 1859 Dublinensi
1345 1752 1491 1895 111νῖ113ἀᾶ

171 1886 437 1971 archiepiscopo,
467 1892 502 1951 et
531 1886 718 1952 reverendo
746 1886 832 1965 vir0,
861 1887 1028 1973 magistro
1055 1885 1110 1964 Α.,
1139 1883 1368 1995 primicerio
1345 1853 1489 1945 nuilla

171 1978 426 2056 Mediolanensi,
453 1978 583 2044 domini
608 1999 697 2063 pape
723 1979 911 2064 capellano,
937 1977 1176 2044 collectoribus
1201 1952 1489 2046 decimellam

170 2070 271 2134 Terre
293 2070 449 2135 Sancte
441 2092 476 2135 rn
500 2091 604 2156 regno
625 2070 747 2156 Anglie
769 2093 791 2137 a
812 2070 899 2136 Sede
920 2070 1122 2156 Apostolica
1142 2069 1330 2155 deputatis
1344 2058 1485 2156 1,,Ἕῇ

171 2162 261 2245 Quia
290 2162 499 2246 quibusdam
530 2162 646 2228 arduis
675 2163 834 2249 negociis,
865 2183 939 2241 nos,
970 2162 1147 2228 ecclesiam
1176 2167 1332 2227 nostram
1344 2155 1489 2247 &W

171 2255 434 2333 Eboracensem,
450 2255 600 2320 officium
613 2261 782 2334 nostrum,
798 2276 839 2321 ac
852 2254 954 2321 officii
967 2254 1077 2320 nostri
1091 2253 1373 2347 execucionemon
1344 2255 1468 2347 ⁸¹>³⁰l¹¹²²⁰⁰

170 2346 408 2450 multipliciter
430 2346 665 2432 tangentibus,
689 2347 880 2413 necessario
902 2346 1084 2433 prepediti,
1109 2346 1155 2412 ad
1178 2351 1331 2412 vestram
1344 2357 1424 2400 behau

169 2439 381 2521 presenciam
401 2439 626 2524 personaliter
644 2439 804 2505 accedere
823 2459 893 2505 non
912 2459 1095 2525 possumus
1113 2438 1149 2504 in
1167 2437 1330 2523 presenti,

170 2530 335 2595 dilectum
367 2531 527 2596 clericum
558 2537 727 2610 nostrum,
759 2531 964 2618 magistrum
996 2531 1038 2596 R.
1071 2531 1115 2596 de
1146 2528 1330 2616 Pykering,

169 2630 426 2707 procuratorem
444 2629 602 2689 nostrum
621 2623 821 2689 ordinamus
838 2629 873 2689 et
890 2623 1036 2689 iacimus
1053 2642 1115 2708 per
1130 2626 1306 2708 presentes
1321 2644 1329 2701 ;

169 2714 293 2779 dantes
313 2715 424 2780 eidem
444 2721 656 2799 potestatem
675 2721 710 2780 et
730 2716 936 2781 mandatum
955 2715 1102 2801 speciale
1120 2714 1157 2779 in
1176 2713 1330 2780 animam

169 2813 324 2871 nostram
348 2807 527 2891 quodlibet
551 2828 658 2892 genus
681 2807 888 2874 sacramenti
910 2806 1099 2893 prestandi,
1124 2805 1328 2872 beneficium

170 2899 398 2964 absolucionis
430 2921 452 2964 a
483 2899 659 2966 sentencia
690 2898 1069 2979 excommunicacionis,
1101 2898 1138 2965 in
1170 2897 1329 2964 Generali

169 2991 320 3056 Concilio
341 2990 562 3076 Lugdunensi
583 2991 810 3096 promulgate,
833 2997 868 3058 et
889 2991 1157 3077 dispensacionis
1177 2987 1329 3077 graciam

168 3104 271 3187 super
291 3084 552 3168 irregularitate,
574 3084 604 3149 si
623 3104 710 3168 quas
730 3083 970 3188 quovismodo,
991 3082 1086 3189 quod
1106 3082 1210 3162 absit,
1231 3103 1329 3149 occa·

168 3175 263 3239 sione
282 3175 412 3240 decime
430 3176 533 3241 Terre
552 3175 678 3242 Sancte
697 3196 854 3242 concesse
872 3175 1124 3281 incurrerimus,
1144 3174 1239 3261 quod
1257 3195 1327 3241 non
1435 3204 1439 3211 ·

168 3268 338 3332 credimus
360 3289 402 3332 ex
424 3268 654 3346 habundanti,
677 3273 796 3334 tamen
817 3268 956 3337 nomine
976 3259 1106 3346 nostro,
1128 3266 1271 3354 petendi
1291 3273 1327 3334 et

168 3360 347 3424 obtinendi
364 3382 385 3425 a
400 3360 511 3437 vobis,
524 3366 698 3444 quatenus
709 3360 809 3427 vobrs
815 3360 945 3426 vrderrt
956 3358 1127 3447 expedire
1175 3359 1218 3425 ln
1227 3380 1327 3446 cujus

167 3452 215 3515 rei
232 3452 469 3517 testimonium
486 3451 635 3537 sigillum
657 3458 815 3518 nostrum
830 3452 1048 3539 presentibus
1058 3457 1111 3519 est
1121 3472 1327 3539 appensum.

212 3581 337 3646 Pateat
351 3581 519 3646 universis
532 3601 593 3666 per
605 3587 780 3666 presentes
793 3581 888 3668 quod
900 3601 974 3665 nos,
988 3580 1055 3660 W.,
1069 3587 1148 3660 etc,
1162 3580 1328 3649 dilectum
1341 3609 1407 3653 ne·
1473 3612 1494 3655 t·

166 3673 325 3738 clericum
338 3680 495 3739 nostrum
499 3673 724 3759 ,magistrum
740 3674 783 3739 R.
800 3674 844 3740 de
860 3672 1054 3761 Pykering',
1071 3672 1392 3761 procuratoremmeu
1342 3664 1424 3755 ml,
1436 3710 1495 3755 aa

168 3773 325 3829 nostrum
347 3765 547 3832 ordinamus
568 3771 604 3830 et
626 3766 794 3845 iacimus3
838 3766 962 3833 dantes
983 3765 1095 3833 eidem
1115 3772 1328 3853 potestatem
1341 3762 1495 3865 „W

167 3857 349 3941 specialem
379 3863 414 3922 et
443 3858 646 3943 generalem,
675 3857 814 3924 nomine
842 3863 973 3937 nostr0,
1002 3879 1025 3925 a
1051 3857 1328 3945 quibuscumque

166 3949 350 4033 judicibus,
370 3949 621 4029 executoribus,
640 3950 743 4016 meris
760 3950 816 4018 vel
833 3949 964 4029 mixtis,
983 3971 1006 4017 a
1021 3948 1109 4017 Sede
1127 3948 1328 4037 Apostolica
1339 3962 1377 4007 1²0·
1386 3964 1421 4008 ⁷⁰·

167 4040 355 4124 deputatis,
377 4041 584 4126 appellandi,
606 4041 857 4128 appellaciones
876 4040 1078 4121 innovandi,
1098 4041 1252 4110 raciones
1270 4041 1327 4109 vel

167 4133 418 4211 excusaciones,
435 4134 663 4218 quovismodo
678 4155 741 4200 nos
755 4140 949 4221 tangentes,
964 4154 1028 4221 pro
1042 4133 1143 4202 nobis
1157 4139 1193 4201 et
1207 4140 1326 4203 nostro

167 4225 305 4289 nomine
339 4225 563 4311 proponendi,
586 4232 622 4291 et
644 4226 762 4292 omnia
783 4226 851 4293 alia
871 4224 1020 4293 faciendi
1040 4226 1171 4313 pariter
1191 4232 1228 4294 et
1248 4246 1326 4293 exe-

167 4318 306 4401 quendi,
338 4337 406 4401 que
436 4337 538 4383 verus
568 4325 604 4384 et
632 4319 806 4406 legitimus
835 4324 1039 4405 procurator
1068 4319 1180 4386 iacere
1208 4325 1326 4424 posset

165 4430 226 4473 seu
251 4410 402 4488 deberet,
428 4415 465 4476 et
488 4410 588 4477 nobis
612 4410 739 4478 viderit
763 4410 935 4498 expedire.
982 4410 1025 4477 In
1048 4410 1149 4499 cujus
1172 4411 1232 4492 rei,
1256 4417 1324 4480 etc.

165 4503 260 4580 Dat,
277 4509 342 4567 etc.
