2994 4996
276 480 342 525 THE
365 481 527 526 REGISTER
548 482 590 526 OF
611 480 822 526 ARCHBISHOP
843 479 991 525 WILLIAM
1013 477 1213 524 WICKWANE.
1264 458 1322 523 161

167 636 241 695 tate
277 640 404 711 vestra,
442 633 635 718 predictum
672 633 851 699 dominum
900 653 1016 697 meum
1052 631 1251 717 episcopum
1287 635 1323 696 et

166 724 342 789 ecclesiam
370 747 468 790 suam
508 726 773 790 Dunehnensem
800 745 902 810 super
929 724 1139 809 possessione
1166 744 1239 802 sua,
1267 721 1323 786 vel

166 816 276 898 quasi,
310 817 480 882 libertatis
514 838 573 882 sue
608 825 642 882 et
676 817 907 882 immunitatis
941 815 1147 901 supradicte,
1182 815 1218 879 in
1252 835 1322 898 qua

166 908 306 991 pacifice
332 915 503 974 steterunt
530 911 697 974 hactenus
723 916 758 974 et
784 910 910 992 quiete,
938 914 979 973 ut
1005 907 1159 992 superius
1185 913 1238 972 est
1264 926 1322 970 ex-

166 1019 331 1082 pressum,
362 1001 433 1065 sine
462 1001 616 1085 legitima
645 1001 863 1079 discussione,
894 1000 1032 1085 proprio
1061 1005 1170 1077 motu,
1201 1004 1323 1063 contra

165 1090 340 1174 justiciam
364 1093 563 1171 molestetis,
588 1093 807 1176 perturbetis,
832 1113 892 1157 seu
916 1091 1125 1176 inquietetis,
1149 1091 1321 1168 molestet,

166 1184 356 1266 perturbet,
373 1204 432 1249 seu
448 1185 617 1268 inquietet
634 1185 747 1250 minus
763 1186 877 1269 juste3
910 1204 952 1247 ne
969 1184 1077 1248 eciam
1093 1203 1166 1260 vos,
1184 1181 1322 1246 domine

167 1275 418 1360 archiepiscope
432 1277 667 1355 Eboracensis
682 1276 738 1341 vel
751 1276 864 1360 quivis
875 1276 960 1340 alius
973 1275 1181 1340 auctoritate
1194 1280 1321 1351 vestra,

166 1367 300 1449 spretis,
324 1389 393 1432 non
416 1369 553 1446 auditiS,
589 1388 650 1455 seu
670 1389 740 1433 non
763 1367 920 1433 admissis
942 1387 1021 1432 cum
1043 1367 1168 1431 effectu
1190 1386 1323 1430 recusa-

116 1521 118 1525 ,
167 1458 332 1535 cionibus,
367 1460 638 1544 excepcionibus,
672 1466 707 1524 et
740 1460 995 1524 defensionibus
1026 1458 1243 1542 supradictis,
1277 1457 1323 1521 ad

167 1549 378 1615 visitacionis
400 1553 549 1616 officium
572 1553 607 1616 in
630 1552 808 1616 dominum
830 1571 946 1615 meum
968 1557 1003 1614 et
1026 1550 1202 1615 ecclesiam
1224 1569 1324 1614 suam

167 1643 424 1720 excercendum,
458 1651 560 1727 prout
592 1644 782 1722 intenditis,
816 1643 1019 1727 procedatis,
1052 1663 1112 1706 seu
1144 1641 1323 1706 dominum

167 1754 283 1797 meum
311 1735 356 1799 ad
382 1742 535 1801 vestram
562 1736 800 1800 visitacionem
828 1734 1082 1799 admittendam
1110 1732 1323 1818 compellatis

167 1825 280 1890 minus
295 1827 397 1909 juste,
414 1829 552 1892 nomine
568 1828 699 1892 domini
713 1848 780 1891 mer
772 1827 938 1911 predict
930 1847 942 1890 1
969 1833 1004 1890 et
1020 1847 1082 1910 pro
1097 1826 1182 1910 ipse,
1200 1825 1322 1890 Sedem
1336 1837 1431 1930 phrreals
1442 1839 1466 1879 to

167 1916 277 2000 Apost
263 1918 428 1982 tolicam
420 1940 455 1982 1n
473 1920 538 1983 hiis
556 1920 690 2004 scriptis
708 1939 858 2004 provoco
876 1925 911 1983 et
929 1917 1075 2002 appell0,
1095 1924 1130 1981 et
1148 1917 1322 2020 apostolos
1337 1937 1448 1998 apostolic

167 2015 259 2090 pet0,
276 2030 378 2112 'quos
400 2010 428 2075 si
449 2011 552 2075 michi
573 2011 832 2095 denegaveritiS,
854 2011 980 2075 iterum
1000 2009 1135 2094 appello
1155 2015 1195 2073 ut
1216 2008 1375 2092 priusule
1337 1989 1377 2030 ⁸⁰⁶
1390 1998 1464 2038 Μ
1417 1989 1476 2029 ω

168 2101 226 2176 Et,
256 2101 284 2164 si
313 2102 358 2166 ad
386 2103 597 2167 visitacionis
626 2104 775 2167 officium
804 2101 1088 2166 excercendum
1079 2121 1115 2164 ιιι
1144 2100 1322 2164 dominum
1338 2088 1458 2138 maron

168 2212 295 2269 meum,
322 2200 356 2257 et
382 2195 559 2258 ecclesiam
584 2215 693 2272 suam,
720 2195 909 2272 civitatem,
936 2200 970 2258 et
996 2192 1170 2278 dyocesim
1195 2192 1323 2256 Dunel-

168 2304 311 2362 menseS,
331 2285 470 2349 minime
489 2286 734 2364 admittamini,
754 2287 842 2351 sicut
861 2306 924 2351 nec
941 2285 1084 2362 debetis,
1104 2283 1324 2349 obstantibus

169 2376 267 2440 vobis
286 2378 569 2454 recusacionibus,
589 2378 861 2462 excepcionibus,
881 2384 916 2441 et
934 2376 1188 2442 defensionibus
1206 2395 1324 2459 supra-

169 2467 280 2544 dictis,
297 2489 339 2531 ne
356 2489 395 2533 eo
411 2475 573 2552 pretextu
588 2489 648 2534 seu
664 2470 840 2534 occasione
855 2469 1066 2534 sentenciam
1082 2466 1323 2552 suspensionis,

169 2561 546 2639 excommunicacionis,
573 2561 628 2625 vel
653 2562 838 2639 interdicti,
865 2562 901 2625 in
926 2560 1120 2645 predictum
1146 2558 1326 2623 dominum

169 2657 204 2714 et
232 2651 407 2715 ecclesiam
435 2674 544 2730 suam,
573 2654 763 2731 civitatem,
792 2660 827 2718 et
855 2652 1039 2737 dyocesim,
1068 2650 1206 2715 clericos
1233 2670 1323 2727 sum,

170 2741 368 2821 advocatos,
406 2751 654 2828 procuratores
693 2752 754 2810 aut
792 2743 1027 2828 parochianos
1065 2742 1251 2818 ministros,
1289 2747 1324 2805 et
1337 2739 1475 2841 ⁸23²⁸²¹¹¹⁸²

170 2833 253 2897 alios
268 2835 332 2898 sibi
347 2835 560 2913 adherentes,
577 2843 697 2901 contra
711 2837 885 2921 justiciam
899 2835 1091 2920 proferatis
1107 2854 1168 2898 seu
1181 2833 1324 2918 proferri
1337 2842 1484 2932 {woyt-

170 2925 315 3003 faciatis
342 2928 505 3010 proferat,
529 2949 588 2993 seu
609 2929 756 3032 proferri
791 2928 907 3005 faciat,
944 2933 1006 2992 aut
1040 2926 1205 3010 quicquid
1231 2925 1325 2989 ahud
1337 2941 1465 3032 ιιιονειιιιι

170 3017 294 3081 durum
308 3018 362 3081 vel
375 3040 489 3103 grave,
504 3021 540 3084 in
553 3021 659 3104 ipsius
672 3021 802 3085 domini
815 3040 882 3084 mer
873 3018 1134 3122 prejudicium,
1148 3015 1323 3094 statuatis,
1338 2991 1451 3033 ⁰¹'⁶⁵²“¹⁰

169 3129 229 3172 seu
253 3110 361 3173 eciam
385 3118 440 3175 sta
442 3113 493 3176 tui
517 3113 662 3190 faciatis,
687 3118 833 3190 statuat,
858 3131 919 3176 seu
942 3110 1051 3175 eciam
1074 3109 1183 3175 statui
1206 3107 1323 3185 faciat,

169 3209 424 3266 sacrosanctam
463 3203 586 3268 Sedem
624 3164 870 3288 Apostolicain,
910 3202 1048 3267 nomine
1087 3200 1219 3266 domini
1256 3199 1325 3263 mei

170 3292 316 3374 predicti
333 3300 367 3357 et
385 3315 447 3377 pro
464 3316 513 3373 e0,
545 3296 657 3360 denuo
674 3297 709 3358 in
725 3296 790 3360 hiis
807 3294 942 3379 scriptis
958 3314 1109 3379 provoco
1125 3299 1161 3358 et
1177 3291 1323 3377 appello,

171 3390 205 3447 et
220 3385 394 3467 apostolos
408 3393 499 3469 peto,
515 3408 601 3470 quos
616 3388 644 3451 si
658 3387 762 3451 michi
776 3385 1036 3471 denegaveritis,
1051 3385 1177 3450 iterato
1191 3405 1212 3448 a
1225 3383 1325 3448 vobis

170 3496 319 3557 provoco
337 3483 371 3540 et
389 3479 522 3561 appello
538 3502 545 3556 ;
579 3499 775 3563 supponens
792 3479 970 3543 dominum
986 3497 1102 3542 meum
1118 3475 1324 3560 predictum,

170 3567 437 3632 Dunelmensem
468 3571 676 3654 episcopum,
709 3571 885 3635 ecclesiam
916 3590 1015 3635 suam
1047 3568 1324 3643 Dunelmensem,

170 3659 362 3741 capitulum
402 3682 513 3738 suum,
556 3663 735 3726 civitatem
776 3670 810 3727 et
852 3661 1025 3747 dyocesim
1066 3660 1324 3736 DunelmenseS,

171 3751 338 3833 capellam
357 3773 465 3829 suam,
486 3754 652 3818 familiam
672 3775 781 3832 suam,
801 3760 1039 3838 procuratores
1057 3772 1137 3816 suos
1155 3757 1191 3816 et
1209 3749 1325 3814 minis-

171 3848 252 3919 tros,
273 3864 406 3908 necnon
425 3851 460 3909 et
480 3866 597 3910 omnes
616 3846 681 3910 sibi
700 3846 914 3922 adherentes,
934 3851 970 3910 et
988 3864 1068 3909 suos
1086 3842 1323 3927 parochianos

170 3940 303 3998 statum
327 3957 428 3999 suum
452 3937 486 4000 in
510 3938 680 4016 omnibus,
704 3938 780 4002 loca
803 3958 866 4002 sua
889 3936 1015 4014 omnia,
1040 3941 1076 4000 et
1099 3934 1167 4000 alia
1190 3934 1235 3998 ad
1257 3953 1325 4017 que

171 4024 403 4105 declinaverit,
420 4049 552 4093 necnon
567 4036 602 4094 et
617 4030 734 4094 omnia
748 4030 840 4094 bona
854 4049 917 4094 sua
931 4027 1072 4093 mobilia
1086 4033 1121 4090 et
1136 4024 1324 4102 inmobilia,

170 4117 378 4202 ubicumque
409 4121 605 4199 existencia,
636 4121 855 4206 proteccioni,
887 4118 1087 4197 defensioni,
1117 4123 1153 4183 et
1183 4116 1326 4182 tuicioni

171 4207 266 4273 Sedis
289 4210 484 4294 Apostolice
507 4212 713 4296 supradicte.

214 4315 288 4383 452.
337 4303 378 4365 ln
397 4304 534 4368 nomine
554 4305 693 4369 Domini
712 4306 834 4370 Amen.
880 4303 967 4369 Cum
985 4321 1048 4368 vos
1066 4320 1187 4387 nuper,
1206 4319 1324 4366 vener·
1338 4318 1451 4362 rama

171 4392 259 4455 ande
271 4399 380 4476 pater,
394 4394 531 4459 domine
543 4396 609 4474 W,
622 4397 687 4460 Dei
698 4397 813 4481 gracia
824 4394 1049 4462 Eboracensis
1061 4392 1322 4477 archiepiscope,

168 4483 288 4568 Anglie
328 4486 466 4568 primas,
507 4487 640 4552 litteras
679 4495 812 4555 vestras
851 4485 1107 4555 destinaveritis
1144 4483 1249 4570 priori

1154 4613 1186 4663 K
