2994 4996
236 463 293 508 102
346 464 412 509 THE
434 465 597 511 REGISTER
618 467 660 512 OF
681 467 892 514 ARCHBISHOP
913 469 1061 514 WlLLlAM
1082 471 1284 518 WICKWANE.

233 625 450 702 intrusorem,
484 631 524 689 ut
553 630 605 689 est
634 626 788 710 superins
817 647 1025 711 expressum,
1055 649 1096 693 ac
1124 629 1198 713 ejus
1227 631 1389 707 fautores²

235 737 383 800 quorum
417 717 557 781 nomina
593 717 628 780 in
662 718 815 801 quadam
849 719 970 784 cedula
1004 721 1219 804 presentibus
1255 743 1391 787 annexa

237 809 398 873 duximus
433 809 666 893 exprimenda,
702 831 789 894 quos
823 810 859 874 in
894 811 1029 895 scriptis
1075 815 1391 899 excommunicatos

237 901 483 965 denunciamus
499 901 574 986 ipso
591 901 694 979 facto,
713 902 833 967 diebus
850 903 1049 982 Dominicis,
1067 911 1102 968 et
1120 905 1193 971 aliis
1210 905 1391 991 solempni-

238 993 302 1057 bus
314 1000 350 1057 et
363 994 505 1071 festivis,
519 1014 580 1078 per
591 999 704 1057 totam
715 994 990 1078 jurisdiccionem
1003 1002 1165 1074 vestram,
1179 998 1299 1062 statim
1312 1005 1390 1082 post

237 1086 365 1149 lectum
398 1086 643 1170 Ewangelinm,
667 1092 804 1151 astante
837 1087 1123 1171 parochianorum
1155 1090 1389 1167 multitudine,

237 1178 414 1262 campanis
430 1178 574 1262 pulsatis
592 1179 808 1262 accensisque
825 1178 984 1257 candelis,
1002 1180 1142 1264 majoris
1159 1181 1391 1246 excommuni-

237 1273 384 1337 cacionis
416 1271 589 1336 sentencia
624 1277 744 1335 contra
776 1271 975 1356 hujusmodi
1007 1272 1193 1337 intrusores
1225 1274 1261 1337 in
1294 1295 1391 1339 sacra

236 1364 369 1450 synodo
399 1364 581 1429 salubriter
610 1363 838 1449 promulgata,
870 1363 1091 1447 solempniter
1120 1370 1155 1428 et
1185 1366 1390 1431 nominatim

237 1457 449 1521 denuncietis
482 1456 666 1533 involutos,
700 1477 740 1520 ac
772 1477 793 1520 a
824 1457 1064 1520 communione
1095 1456 1248 1521 fidelium
1280 1458 1391 1522 arcius

237 1549 428 1626 evitandos,
472 1549 580 1613 donec
621 1568 724 1632 super
765 1554 866 1612 tanto
908 1554 1120 1632 transgressu
1162 1549 1390 1614 satisfecerint

236 1647 480 1725 competenter.
527 1640 582 1704 Ad
601 1642 674 1716 hec,
694 1660 773 1704 cum
792 1639 945 1704 subsidia
963 1646 1144 1724 ceteraque
1164 1641 1391 1707 ecclesiastica

236 1726 417 1816 suffragia,
431 1734 505 1816 jure
528 1733 741 1809 decernente,
764 1731 829 1795 hiis
850 1731 973 1796 merito
995 1732 1122 1796 fuerint
1156 1732 1390 1798 subtrahenda

73 1891 155 1925 certam

71 1937 171 2026 alffius
239 1917 280 1981 de
297 1916 471 1992 Wattone‚
484 1916 731 2001 Bridlingtone,
746 1915 939 2000 Kyrkham,
953 1921 988 1979 et
998 1915 1133 1980 Wartre
1150 1916 1330 2000 prioribus
1348 1938 1391 1981 ne

72 2036 185 2077 rotunda
200 2009 278 2077 tode
318 2008 548 2092 pensionibus
566 2044 568 2050 ·
588 2007 755 2084 censibus,
787 2027 846 2071 seu
888 2007 1078 2071 redditibus
1108 2007 1192 2085 aliis,
1223 2009 1391 2092 quamdiu

73 2087 200 2177 ffissffsslssy'
235 2101 456 2186 pertinaciter
471 2101 506 2163 in
521 2099 886 2164 excommunicacionis
901 2099 1076 2163 sentencia
1090 2120 1305 2183 perseverare
1321 2121 1390 2165 non

71 2187 217 2278 ἕξω,
236 2201 383 2270 veretur,
399 2193 585 2277 quicquam
599 2191 664 2255 sibi
678 2191 808 2255 solvere
822 2197 1033 2275 presumant,
1050 2211 1103 2268 ne,
1119 2191 1202 2255 dum
1217 2192 1265 2256 sic
1279 2193 1389 2256 eidem

71 2287 141 2328 Μ·
235 2284 502 2360 communicant,
530 2283 607 2348 labe
646 2303 702 2347 eos
729 2283 820 2347 infici
847 2282 967 2346 eadem
994 2283 1172 2366 inprovide
1199 2284 1388 2368 contingat,

129 2440 148 2448 ..
234 2377 447 2442 denuncietis
466 2376 595 2459 absque
614 2395 720 2439 mora.
768 2374 926 2438 Ceterum
945 2374 1000 2438 ille
1018 2380 1183 2452 vestrum,
1203 2395 1307 2458 quem
1325 2377 1391 2440 hoc

70 2439 222 2530 dubiiffi
234 2477 391 2535 nostrum
424 2468 630 2533 mandatum
664 2466 757 2551 prius
792 2466 938 2550 recipere
972 2466 1163 2550 contigerit,
1199 2467 1245 2543 id,
1280 2467 1388 2532 altero

72 2541 209 2631 {fitilla
234 2563 374 2626 minime
390 2567 583 2644 expectat0,
602 2559 731 2642 absque
747 2579 841 2623 more
857 2557 1035 2642 dispendio
1052 2557 1249 2642 diligencius
1266 2559 1388 2643 exequi

71 2641 180 2681 mmm·
234 2675 303 2718 non
323 2653 474 2718 retardet
490 2675 497 2729 ;
536 2651 673 2736 proviso
692 2650 787 2734 quod
806 2650 854 2714 sic
873 2670 935 2714 vos
954 2649 1111 2714 habeatis
1130 2650 1166 2714 in
1185 2651 1389 2716 execucione

234 2745 432 2829 hujusmodi
465 2744 560 2829 quod
594 2743 638 2807 ad
673 2741 929 2826 reprimendam
951 2741 1214 2826 necgligenciam
1238 2750 1389 2807 vestram

233 2839 446 2902 cumulatam
484 2836 642 2900 accedere
678 2855 747 2898 non
784 2854 956 2917 cogamur.
1004 2834 1055 2896 De
1093 2834 1146 2913 die
1184 2834 1389 2919 recepcionis

233 2929 456 3014 presencium,
473 2935 508 2992 et
523 2927 672 3012 qualiter
686 2927 752 2990 hoc
767 2926 869 2990 fuerit
886 2925 1091 2989 mandatum
1107 2926 1245 2990 effectui
1260 2926 1388 2990 manci-

233 3028 366 3106 patum,
384 3021 473 3085 infra
490 3041 537 3083 xv
554 3019 636 3095 dies,
653 3040 675 3082 a
692 3017 887 3101 recepcione
904 3017 1117 3101 presencium
1146 3018 1387 3095 numerandos

233 3134 295 3178 nos
321 3114 419 3197 plene
445 3112 646 3186 certificans
674 3109 881 3193 ubicumque
908 3116 992 3173 tunc
1017 3109 1053 3172 in
1078 3116 1197 3173 nostra
1223 3110 1388 3174 fuerimus

234 3205 368 3282 diocesi,
381 3225 440 3289 per
453 3207 546 3269 tuasl
559 3203 692 3267 litteras
707 3208 877 3285 patentes,
887 3202 1010 3264 harum
1025 3201 1145 3265 seriem
1160 3202 1386 3266 continentes.

70 3297 172 3337 Mandate
185 3301 208 3337 to

70 3347 106 3386 ue
118 3347 174 3387 aean
186 3348 209 3388 01
277 3340 350 3402 333.
398 3321 506 3384 Nonis
517 3319 610 3403 Sept.
626 3319 778 3402 (Sept.5,
794 3317 902 3398 1280).
934 3317 1036 3400 Apud
1049 3317 1283 3382 Beverlacum.
1319 3317 1387 3382 Suo

68 3398 179 3488 {1³33fo
185 3401 209 3438 ‘⁰
232 3415 362 3479 decano
376 3412 621 3477 Beverlacensi.
634 3409 805 3494 Quoniam
815 3415 985 3472 crescente
996 3409 1214 3473 contumacia
1223 3430 1387 3474 cresscere

50 3498 201 3598 ῧξξζῐξῃῗ
234 3507 307 3588 (sic)
336 3505 438 3569 debet
466 3511 501 3569 et
528 3524 627 3588 pena,
656 3503 691 3566 in
719 3502 766 3565 eis
794 3501 971 3585 presertim
999 3504 1085 3583 quos
1113 3501 1177 3564 fati
1205 3501 1387 3567 infelicitas

68 3598 197 3688 hffgffg’sm·
232 3598 410 3682 gracieque
448 3597 612 3672 defectus,
651 3595 749 3678 cujus
786 3593 885 3677 culpe
922 3591 967 3657 ob
1004 3592 1210 3656 demeritum
1247 3593 1387 3657 minime

68 3660 214 3788 ixcgdmmuni·
233 3711 375 3774 capaces
409 3689 562 3753 existunt
596 3684 906 3770 impertinacitati5‚
942 3703 1053 3748 errore
1086 3684 1246 3762 reddunt,
1281 3685 1387 3769 proch

69 3752 105 3788 m
134 3779 139 3788 '
233 3783 340 3859 dolor,
375 3782 578 3855 obstinatos,
614 3778 801 3842 Ricardum
835 3776 876 3840 de
910 3776 1032 3860 Vescy,
1067 3775 1102 3839 in
1135 3776 1311 3840 ecclesiam
1344 3777 1387 3840 de

232 3874 367 3958 Feriby‚
404 3879 518 3938 nostre
554 3870 706 3945 diocesiS,
742 3869 948 3933 intrusorem
983 3867 1167 3944 notorium,
1203 3889 1283 3933 cum
1317 3868 1387 3933 suis

232 3966 464 4049 complicibus,
488 3962 658 4037 videlicet,
670 3961 845 4043 Johanne2
861 3960 891 4024 le
909 3959 995 4024 Gras
1017 3958 1059 4023 de
1081 3959 1217 4044 Feriby‚
1234 3959 1386 4024 Waltero

232 4058 309 4123 Scal
344 4056 385 4120 de
421 4055 551 4130 eadem,
588 4053 747 4136 Johanne
781 4051 918 4128 Alman,
956 4051 1145 4135 Reginaldo
1180 4052 1211 4115 le
1246 4051 1385 4128 Archer,

231 4150 390 4232 Johanne
401 4147 443 4210 de
454 4146 617 4221 Neusum‚
635 4144 803 4208 Willelmo
814 4144 883 4208 filio
894 4143 985 4207 Petri
998 4143 1039 4207 de
1049 4143 1151 4220 Cave,
1168 4143 1270 4208 Petro
1282 4144 1387 4209 fratre

231 4241 395 4325 ejusdem,
413 4239 523 4302 Alano
541 4237 582 4301 de
599 4236 737 4321 Scyren,
756 4235 941 4319 Radulpho
958 4241 993 4299 et
1009 4235 1153 4312 Thema,
1171 4235 1387 4319 garcionibus

231 4332 369 4397 Ricardi
402 4331 444 4394 de
484 4330 605 4414 Vescy,
645 4335 680 4393 et
706 4328 840 4413 Rogero
875 4327 918 4391 de
954 4327 1116 4405 Ellerker,
1143 4325 1275 4405 clerico,
1300 4347 1388 4412 quos

359 4458 461 4508 lsuas.
500 4456 557 4507 2ΑΙ]
570 4457 646 4506 these
656 4469 752 4505 names
765 4469 810 4504 are
822 4454 850 4503 in
864 4454 911 4502 the
926 4452 1084 4504 accusative
1098 4452 1125 4500 iu
1140 4454 1188 4503 the
1200 4453 1258 4502 MS.

76 1836 118 1881 ne,
127 1836 193 1894 lead⁵
202 1837 225 1877 01
236 1825 362 1908 quibus
383 1825 610 1889 ecclesiastica
630 1823 826 1888 communio
847 1823 1045 1908 denegatur,
1068 1823 1188 1893 abbati
1210 1825 1252 1888 de
1274 1825 1389 1902 Melsa,
1486 1880 1487 1884 ,
