2994 4996
152 492 191 538 10
268 491 335 537 THE
358 491 522 538 REGISTER
542 491 584 537 OF
605 492 816 538 ARCHBISHOP
838 492 985 538 WILLIAM
1009 492 1210 539 WICKWANE.

151 671 315 755 magistro
324 670 494 735 Willelmo
504 670 547 734 de
557 670 763 756 Pikeringe,1
778 671 908 735 domini
922 670 1074 736 officialis
1084 672 1311 737 Eboracensis

150 762 239 827 inter
263 769 379 846 partes
404 762 495 846 ipsas
520 769 604 827 tunc
628 763 719 827 vices
744 770 901 848 gerente;
929 764 1051 828 mulier
1065 763 1150 848 ipsa,
1166 764 1312 848 cognitis

151 874 252 919 cause
268 855 408 931 meritis
425 854 510 938 juris
526 854 644 918 ordine
660 854 695 919 in
712 855 871 919 omnibus
887 856 1082 933 observat0,
1099 856 1311 921 sentenciam

152 967 213 1030 pro
229 952 328 1030 parte
343 966 406 1010 sua
421 945 641 1010 diffinitivam
657 953 828 1011 meruerat
844 947 998 1030 optinere
1014 969 1021 1024 ;
1052 954 1098 1024 et,
1122 947 1202 1012 licet
1219 947 1311 1012 idem

152 1038 331 1114 Ricardus,
355 1058 417 1122 pro
452 1037 662 1102 adnullanda
685 1038 859 1102 sentencia
893 1039 978 1122 ipsa,
1003 1045 1227 1123 proposuerat
1251 1060 1312 1123 per

151 1130 237 1193 falsa
262 1129 492 1194 instrumenta
516 1129 625 1193 latam
651 1129 753 1193 fuisse
788 1130 999 1194 sentenciam
1025 1131 1192 1208 eandem;
1243 1151 1311 1215 que

150 1222 382 1285 instrumenta
413 1221 521 1306 judex
558 1222 593 1285 in
625 1221 700 1305 ipsa
730 1222 904 1286 sentencia
940 1228 1077 1286 secutus
1110 1222 1235 1300 fuerat,
1270 1229 1310 1287 ut

151 1313 309 1378 dicebat:
338 1313 438 1396 Quia,
455 1319 584 1390 tamen,
601 1313 692 1377 idern
706 1313 874 1378 Ricardus
890 1313 984 1397 quod
999 1320 1225 1398 proposuerat
1241 1335 1311 1379 non

151 1405 333 1489 probabat,
371 1405 581 1469 sentenciam
618 1425 680 1488 pro
717 1405 856 1470 muliere
893 1406 968 1489 ipsa
1004 1406 1112 1470 latam
1149 1405 1312 1471 duximus

152 1497 446 1574 confirmandam;
499 1497 710 1561 sentenciam
736 1497 847 1581 ipsam
875 1497 1071 1562 execucioni
1098 1497 1213 1562 debite
1240 1498 1311 1562 iore

151 1588 430 1652 demandandam
459 1588 712 1653 sentencialiter
740 1589 970 1654 decernentes.
1017 1588 1185 1673 Quocirca
1212 1590 1312 1654 vobis

151 1680 357 1745 mandamus
388 1680 552 1765 quatinus
584 1680 730 1745 eundem
763 1680 950 1745 Ricardum
981 1687 1021 1745 ut
1052 1681 1312 1746 matrimonium

151 1793 230 1837 cum
253 1772 347 1837 dicta
369 1772 509 1836 muliere
532 1772 765 1856 solempnizet
790 1779 824 1837 et
847 1772 877 1837 ei
901 1772 1075 1849 adhereat,
1099 1794 1140 1837 ac
1161 1773 1313 1838 maritali

152 1864 336 1928 affeccione
350 1869 548 1947 pertractet,
564 1870 604 1928 ut
619 1870 766 1941 tenetur,
781 1885 842 1948 per
856 1885 1034 1929 censuram
1048 1865 1313 1930 ecclesiasticam

152 1955 375 2040 compellatis.

11 2074 123 2115 andateto
197 2077 250 2142 35.
299 2061 376 2125 Kal.
402 2061 497 2144 Junii
524 2061 628 2144 (June
656 2080 685 2138 1,
712 2061 821 2142 1280).
869 2061 1044 2126 Rufforde.
1091 2061 1315 2146 W.,permis-

1 2126 141 2215 ‘sibilla
154 2154 258 2230 sione,
279 2159 356 2229 etc,
377 2153 509 2218 dilectis
527 2153 562 2217 in
581 2153 716 2217 Christo
734 2153 821 2230 filiis,
841 2153 993 2237 capitulo
1012 2153 1218 2231 Suwellensi‚
1238 2154 1312 2231 sal„

0 2226 139 2325 cilitiis,
154 2252 218 2309 etc.
266 2244 479 2309 Conveniens
507 2244 748 2331 perpendimus
776 2251 811 2309 et
839 2245 1022 2309 honesturn
1049 2245 1144 2329 quod
1181 2244 1311 2310 subditi

1 2329 29 2366 ²⁰·
153 2337 262 2401 nostri
284 2337 468 2400 exteriores
489 2356 510 2401 a
531 2336 654 2400 celebri
676 2343 711 2401 et
732 2336 855 2420 insigni
876 2336 951 2401 loco
973 2337 1110 2401 ecclesie
1132 2343 1167 2401 et
1189 2357 1313 2421 sponse

153 2435 268 2493 nostre
291 2428 504 2493 Suwellensis
533 2428 708 2493 lucernam
731 2428 878 2512 capiant
903 2435 937 2492 et
961 2428 1165 2512 exemplum.
1214 2428 1315 2493 Unde

153 2520 331 2585 devocioni
346 2526 458 2584 vestre
474 2520 694 2604 injungimus,
711 2520 746 2583 in
761 2520 891 2585 virtute
906 2520 1082 2584 fidelitatis
1097 2527 1131 2584 et
1147 2520 1227 2584 fidei
1241 2541 1311 2604 qua

154 2613 227 2676 Deo
246 2618 281 2677 et
300 2612 399 2676 nobis
418 2611 592 2688 tenemini,
609 2612 773 2695 quatinus
792 2631 910 2676 omnes
925 2611 1072 2695 capellas
1091 2618 1126 2676 et
1145 2612 1314 2688 ecclesias

154 2704 284 2781 domos,
303 2703 445 2780 edificia,
464 2710 499 2768 et
514 2703 600 2780 loca,
618 2704 661 2768 ad
679 2703 870 2786 prebendas
886 2710 921 2768 et
938 2723 1158 2768 communam
1174 2703 1313 2769 Suwell-

155 2796 243 2860 ensis
263 2795 411 2872 ecclesie,
434 2796 528 2860 intus
549 2795 603 2859 vel
635 2801 744 2872 extra,
766 2795 1061 2879 qualitercumque
1091 2795 1313 2879 pertinencia,

155 2889 285 2971 absque
305 2887 490 2971 cujuslibet
510 2907 604 2951 more
623 2887 753 2971 injusto
774 2887 963 2970 dispendi0,
983 2888 1129 2963 faciatis
1150 2907 1193 2951 ex
1212 2887 1314 2970 plena

155 2985 328 3064 potestate
350 2999 456 3063 quarn
478 2979 624 3055 habetis,
647 2985 682 3043 et
704 2999 747 3042 ex
769 2977 890 3055 officio,
908 2977 1016 3042 eciam
1038 2978 1112 3043 vice
1134 2985 1263 3055 nostra,
1286 2978 1314 3043 si

155 3092 241 3156 opus
259 3071 372 3148 fuerit,
391 3071 634 3135 convenienter
651 3076 686 3134 et
704 3070 819 3134 debite
837 3070 986 3153 reparari
1002 3093 1008 3146 3
1044 3071 1206 3154 alioquin,
1225 3091 1313 3147 ecce,

155 3163 373 3247 accingimur,
389 3162 513 3227 vestris
527 3165 597 3226 non'
612 3162 832 3226 obstantibus
847 3161 1075 3238 libertatibus
1092 3168 1132 3226 ut
1147 3162 1315 3245 necligen-

154 3256 243 3319 ciam
262 3260 414 3318 vestram
434 3255 469 3317 in
488 3254 660 3337 premissis
679 3259 714 3317 et
734 3253 818 3330 aliis,
839 3253 1032 3317 animarum
1051 3253 1240 3337 periculum
1259 3254 1314 3318 vel

154 3346 219 3411 Dei
248 3346 502 3429 displicenciam
532 3345 822 3429 contingentibus,
853 3344 1076 3428 personaliter
1105 3351 1141 3409 et
1172 3345 1315 3429 provide

154 3438 361 3522 supleamus.

5 3584 130 3625 ,nmmos
199 3541 252 3623 36.
300 3541 382 3606 Idus
400 3540 494 3625 Sept.
516 3540 623 3624 (Sept.
645 3543 711 3621 13),
733 3540 826 3605 1280.
873 3538 1045 3625 Wyltone.
1093 3538 1262 3604 Collation
1280 3542 1316 3605 of

0 3635 142 3725 “ktgffissy
156 3634 209 3700 Sir
228 3632 396 3718 Anthony
417 3632 533 3709 Beck',
556 3634 657 3709 clerk,
680 3639 718 3697 to
739 3632 798 3697 the
820 3631 972 3715 prebend
993 3631 1028 3696 in
1050 3632 1109 3696 the
1130 3632 1258 3697 church
1279 3633 1315 3697 oi

1 3735 85 3776 asena
156 3724 354 3801 Southwell,
371 3724 450 3788 held
465 3726 513 3810 by
527 3723 581 3789 Sir
596 3725 716 3810 Henry
730 3724 761 3789 le
777 3723 964 3788 Vavazur.2

1 3785 95 3885 *ibib
201 3824 314 3906 [Same
332 3824 396 3905 dav
414 3825 481 3888 and
498 3824 613 3908 place}
662 3823 825 3887 Mandate
844 3828 881 3887 to
899 3823 958 3887 the
976 3823 1120 3906 chapter
1137 3822 1172 3887 of
1190 3821 1315 3888 South-

10 3896 108 3925 ³v³⁸⁰⁰⁵
155 3917 230 3982 well
246 3922 283 3980 to
300 3915 410 3981 admit
427 3915 496 3979 and
511 3915 627 3979 install
643 3914 696 3979 Sir
711 3914 752 3978 A.
771 3913 887 3991 Beck',
904 3914 1006 3979 clerk.

199 4021 265 4085 Pro
304 4020 435 4084 eodem.
491 4019 576 4084 Cum
613 4017 853 4082 benediccione
892 4023 926 4081 et
964 4017 1078 4101 gracia
1115 4016 1314 4084 Salvatoris.

155 4112 388 4177 ³Prebendam
423 4111 458 4175 in
481 4111 622 4175 ecclesia
644 4109 840 4174 Suwellensi
864 4129 924 4192 per
946 4116 1093 4173 mortem
1118 4110 1257 4175 Henrici
1284 4111 1316 4175 le

155 4204 612 4288 Vavazur4jamvacantem.
645 4201 838 4285 SperamuS,
850 4201 964 4285 igitur,
976 4200 1021 4264 ad
1031 4201 1195 4266 honorem
1206 4203 1316 4268 tocius

156 4303 270 4361 nostre
280 4295 433 4372 diocesis,
441 4300 577 4359 tantam
586 4292 780 4378 plantulam
790 4298 932 4376 tamque
942 4292 1094 4376 undique
1104 4293 1318 4359 fructiferam

282 4434 468 4499 ²Pekeringe.
505 4433 630 4486 F0.100.
857 4433 960 4484 ⁸Some
973 4433 1112 4484 omission.

192 4576 194 4581 Ι
279 4503 440 4553 'Vavasun
477 4501 526 4553 Fo.
543 4501 601 4553 100.
858 4501 1015 4568 ‘supplied
1029 4500 1149 4551 iromio.
1168 4503 1244 4552 ised.
